
    <marc:record>
        <marc:leader>00913cpcaa2200229Ia 4500</marc:leader>
        <marc:controlfield tag="001">002164674</marc:controlfield>
        <marc:controlfield tag="005">20141204101546.0</marc:controlfield>
        <marc:controlfield tag="008">960828s1765    stk                 lat d</marc:controlfield>
        <marc:datafield tag="035" ind1=" " ind2=" ">
            <marc:subfield code="a">35315005</marc:subfield>
        </marc:datafield>
        <marc:datafield tag="040" ind1=" " ind2=" ">
            <marc:subfield code="a">NDK</marc:subfield>
            <marc:subfield code="b">eng</marc:subfield>
            <marc:subfield code="c">NDK</marc:subfield>
            <marc:subfield code="d">OCLCQ</marc:subfield>
            <marc:subfield code="d">OCLCG</marc:subfield>
            <marc:subfield code="d">OCLCA</marc:subfield>
            <marc:subfield code="d">OCLCQ</marc:subfield>
            <marc:subfield code="d">OCLCA</marc:subfield>
        </marc:datafield>
        <marc:datafield tag="049" ind1=" " ind2=" ">
            <marc:subfield code="a">NDDP</marc:subfield>
        </marc:datafield>
        <marc:datafield tag="100" ind1="1" ind2=" ">
            <marc:subfield code="a">Ruston, Thomas,</marc:subfield>
            <marc:subfield code="d">approximately 1739-1804.</marc:subfield>
        </marc:datafield>
        <marc:datafield tag="245" ind1="1" ind2="0">
            <marc:subfield code="a">Thomas Ruston document,</marc:subfield>
            <marc:subfield code="f">1765, Nov. 26 :</marc:subfield>
            <marc:subfield code="b">Edinburgh, Scotland.</marc:subfield>
        </marc:datafield>
        <marc:datafield tag="300" ind1=" " ind2=" ">
            <marc:subfield code="a">1</marc:subfield>
            <marc:subfield code="f">item.</marc:subfield>
        </marc:datafield>
        <marc:datafield tag="545" ind1=" " ind2=" ">
            <marc:subfield code="a">Physician of Philadelphia.</marc:subfield>
        </marc:datafield>
        <marc:datafield tag="520" ind1="8" ind2=" ">
            <marc:subfield code="a">Holograph document, signed. Diploma granted by Edinburgh University, signed by Alexander Monro, William Cullen, and Alexander Monro, Jr., among others.</marc:subfield>
        </marc:datafield>
        <marc:datafield tag="541" ind1=" " ind2=" ">
            <marc:subfield code="a">Source unknown.</marc:subfield>
        </marc:datafield>
        <marc:datafield tag="500" ind1=" " ind2=" ">
            <marc:subfield code="a">Forms part of the Trent Manuscripts Collection.</marc:subfield>
        </marc:datafield>
        <marc:datafield tag="700" ind1="1" ind2=" ">
            <marc:subfield code="a">Monro, Alexander,</marc:subfield>
            <marc:subfield code="d">1697-1767.</marc:subfield>
        </marc:datafield>
        <marc:datafield tag="700" ind1="1" ind2=" ">
            <marc:subfield code="a">Cullen, William,</marc:subfield>
            <marc:subfield code="d">1710-1790.</marc:subfield>
        </marc:datafield>
        <marc:datafield tag="700" ind1="1" ind2=" ">
            <marc:subfield code="a">Monro, Alexander,</marc:subfield>
            <marc:subfield code="d">1733-1817.</marc:subfield>
        </marc:datafield>
        <marc:datafield tag="710" ind1="2" ind2=" ">
            <marc:subfield code="a">History of Medicine Collections (Duke University)</marc:subfield>
        </marc:datafield>
    </marc:record>