
    <marc:record>
        <marc:leader>01296cpcaa2200229Ia 4500</marc:leader>
        <marc:controlfield tag="001">001681015</marc:controlfield>
        <marc:controlfield tag="005">20141204101516.0</marc:controlfield>
        <marc:controlfield tag="008">950216s1765    xx                  fre d</marc:controlfield>
        <marc:datafield tag="035" ind1=" " ind2=" ">
            <marc:subfield code="a">32004417</marc:subfield>
        </marc:datafield>
        <marc:datafield tag="040" ind1=" " ind2=" ">
            <marc:subfield code="a">NDK</marc:subfield>
            <marc:subfield code="b">eng</marc:subfield>
            <marc:subfield code="c">NDK</marc:subfield>
            <marc:subfield code="d">OCLCQ</marc:subfield>
            <marc:subfield code="d">OCLCG</marc:subfield>
            <marc:subfield code="d">OCLCQ</marc:subfield>
        </marc:datafield>
        <marc:datafield tag="049" ind1=" " ind2=" ">
            <marc:subfield code="a">NDDP</marc:subfield>
        </marc:datafield>
        <marc:datafield tag="100" ind1="1" ind2=" ">
            <marc:subfield code="a">Swieten, Gerard,</marc:subfield>
            <marc:subfield code="c">Freiherr van,</marc:subfield>
            <marc:subfield code="d">1700-1772.</marc:subfield>
        </marc:datafield>
        <marc:datafield tag="245" ind1="1" ind2="0">
            <marc:subfield code="a">Gerard Freiherr van Swieten note,</marc:subfield>
            <marc:subfield code="f">1765, Dec. 15.</marc:subfield>
        </marc:datafield>
        <marc:datafield tag="300" ind1=" " ind2=" ">
            <marc:subfield code="a">1</marc:subfield>
            <marc:subfield code="f">item.</marc:subfield>
        </marc:datafield>
        <marc:datafield tag="545" ind1=" " ind2=" ">
            <marc:subfield code="a">Dutch physician; personal physician and advisor to Empress Maria Theresa.</marc:subfield>
        </marc:datafield>
        <marc:datafield tag="520" ind1="8" ind2=" ">
            <marc:subfield code="a">ANS. Reviews A.M. Salvini's Italian translation of Xenophon of Ephesus, &quot;Di Senofonte Efesio degli Amori di Abrocome e d'Anzia&quot;, sent to the Empress Maria Theresa by the Chancellery of Hungary. Condemns the essay appended to the second edition of the volume, &quot;Cicalata sopra una ceria curiosa statuetta&quot;, as &quot;tres impudique&quot;. Note is evidence of Swieten's function as censor to the Empress' library. A typed transcript and an English translation are available.</marc:subfield>
        </marc:datafield>
        <marc:datafield tag="541" ind1=" " ind2=" ">
            <marc:subfield code="a">Source unknown.</marc:subfield>
        </marc:datafield>
        <marc:datafield tag="500" ind1=" " ind2=" ">
            <marc:subfield code="a">Forms part of the Trent Manuscripts Collection.</marc:subfield>
        </marc:datafield>
        <marc:datafield tag="600" ind1="0" ind2="2">
            <marc:subfield code="a">Maria Theresa,</marc:subfield>
            <marc:subfield code="c">Empress of Austria,</marc:subfield>
            <marc:subfield code="d">1717-1780.</marc:subfield>
        </marc:datafield>
        <marc:datafield tag="600" ind1="0" ind2="2">
            <marc:subfield code="a">Xenophon,</marc:subfield>
            <marc:subfield code="c">of Ephesus.</marc:subfield>
            <marc:subfield code="t">Degli amori di Abrocome e d'Anzia.</marc:subfield>
        </marc:datafield>
        <marc:datafield tag="600" ind1="1" ind2="2">
            <marc:subfield code="a">Salvini, Anton Maria,</marc:subfield>
            <marc:subfield code="d">1653-1729.</marc:subfield>
        </marc:datafield>
        <marc:datafield tag="710" ind1="2" ind2=" ">
            <marc:subfield code="a">History of Medicine Collections (Duke University)</marc:subfield>
        </marc:datafield>
    </marc:record>