
    <marc:record>
        <marc:leader>01866cpc a2200325Ia 4500</marc:leader>
        <marc:controlfield tag="001">002132133</marc:controlfield>
        <marc:controlfield tag="005">20141204101853.0</marc:controlfield>
        <marc:controlfield tag="008">960628i17831817vp                  eng d</marc:controlfield>
        <marc:datafield tag="035" ind1=" " ind2=" ">
            <marc:subfield code="a">35004578</marc:subfield>
        </marc:datafield>
        <marc:datafield tag="040" ind1=" " ind2=" ">
            <marc:subfield code="a">NDK</marc:subfield>
            <marc:subfield code="b">eng</marc:subfield>
            <marc:subfield code="c">NDK</marc:subfield>
            <marc:subfield code="d">OCLCG</marc:subfield>
            <marc:subfield code="d">NDD</marc:subfield>
            <marc:subfield code="d">OCLCQ</marc:subfield>
            <marc:subfield code="d">OCLCF</marc:subfield>
            <marc:subfield code="d">OCLCO</marc:subfield>
        </marc:datafield>
        <marc:datafield tag="049" ind1=" " ind2=" ">
            <marc:subfield code="a">NDDP</marc:subfield>
        </marc:datafield>
        <marc:datafield tag="100" ind1="1" ind2=" ">
            <marc:subfield code="a">Cadell, Thomas,</marc:subfield>
            <marc:subfield code="d">1773-1836.</marc:subfield>
        </marc:datafield>
        <marc:datafield tag="245" ind1="1" ind2="0">
            <marc:subfield code="a">Thomas Cadell letters,</marc:subfield>
            <marc:subfield code="f">1783-1817, and undated.</marc:subfield>
        </marc:datafield>
        <marc:datafield tag="300" ind1=" " ind2=" ">
            <marc:subfield code="a">9</marc:subfield>
            <marc:subfield code="f">items.</marc:subfield>
        </marc:datafield>
        <marc:datafield tag="500" ind1=" " ind2=" ">
            <marc:subfield code="a">Forms part of the Trent Manuscripts Collection.</marc:subfield>
        </marc:datafield>
        <marc:datafield tag="545" ind1=" " ind2=" ">
            <marc:subfield code="a">London publisher and bookseller.</marc:subfield>
        </marc:datafield>
        <marc:datafield tag="520" ind1="8" ind2=" ">
            <marc:subfield code="a">Letters (ALS) to Thomas Cadell, Sr. (1742-1802), Thomas, Jr., and William Davies (d. 1820), publishers and booksellers, from James Makittrick Adair, regarding his essay on regimen; from John Aikin; from George Armstrong, regarding his Essay on the diseases most fatal to infants; from Alexander Peter Buchan, regarding a book on sea-bathing; from Thomas Cogan, regarding his Theological disquisitions; from Quintin Craufurd; from James Currie; from William Hey, regarding his Practical observations in surgery, and from Benjamin Rumford, regarding the second edition of his Seventh essay. A letter written by William Buchan was removed from this collection and placed with the William Buchan collection.</marc:subfield>
        </marc:datafield>
        <marc:datafield tag="541" ind1=" " ind2=" ">
            <marc:subfield code="a">Source unknown.</marc:subfield>
        </marc:datafield>
        <marc:datafield tag="600" ind1="1" ind2="0">
            <marc:subfield code="a">Cadell, Thomas,</marc:subfield>
            <marc:subfield code="d">1773-1836.</marc:subfield>
        </marc:datafield>
        <marc:datafield tag="600" ind1="1" ind2="7">
            <marc:subfield code="a">Cadell, Thomas,</marc:subfield>
            <marc:subfield code="d">1773-1836.</marc:subfield>
            <marc:subfield code="2">fast</marc:subfield>
            <marc:subfield code="0">(OCoLC)fst01488540</marc:subfield>
        </marc:datafield>
        <marc:datafield tag="700" ind1="1" ind2=" ">
            <marc:subfield code="a">Adair, James Makittrick,</marc:subfield>
            <marc:subfield code="d">1728-1802.</marc:subfield>
        </marc:datafield>
        <marc:datafield tag="700" ind1="1" ind2=" ">
            <marc:subfield code="a">Aikin, John,</marc:subfield>
            <marc:subfield code="d">1747-1822.</marc:subfield>
        </marc:datafield>
        <marc:datafield tag="700" ind1="1" ind2=" ">
            <marc:subfield code="a">Armstrong, George,</marc:subfield>
            <marc:subfield code="d">1719-1789.</marc:subfield>
        </marc:datafield>
        <marc:datafield tag="700" ind1="1" ind2=" ">
            <marc:subfield code="a">Buchan, A. P.</marc:subfield>
            <marc:subfield code="q">(Alexander Peter),</marc:subfield>
            <marc:subfield code="d">1764-1824.</marc:subfield>
        </marc:datafield>
        <marc:datafield tag="700" ind1="1" ind2=" ">
            <marc:subfield code="a">Cogan, T.</marc:subfield>
            <marc:subfield code="q">(Thomas),</marc:subfield>
            <marc:subfield code="d">1736-1818.</marc:subfield>
        </marc:datafield>
        <marc:datafield tag="700" ind1="1" ind2=" ">
            <marc:subfield code="a">Craufurd, Q.</marc:subfield>
            <marc:subfield code="q">(Quintin),</marc:subfield>
            <marc:subfield code="d">1743-1819.</marc:subfield>
        </marc:datafield>
        <marc:datafield tag="700" ind1="1" ind2=" ">
            <marc:subfield code="a">Currie, James,</marc:subfield>
            <marc:subfield code="d">1756-1805.</marc:subfield>
        </marc:datafield>
        <marc:datafield tag="700" ind1="1" ind2=" ">
            <marc:subfield code="a">Hey, William,</marc:subfield>
            <marc:subfield code="d">1736-1819.</marc:subfield>
        </marc:datafield>
        <marc:datafield tag="700" ind1="1" ind2=" ">
            <marc:subfield code="a">Rumford, Benjamin,</marc:subfield>
            <marc:subfield code="c">Graf von,</marc:subfield>
            <marc:subfield code="d">1753-1814.</marc:subfield>
        </marc:datafield>
        <marc:datafield tag="710" ind1="2" ind2=" ">
            <marc:subfield code="a">History of Medicine Collections (Duke University)</marc:subfield>
        </marc:datafield>
    </marc:record>