
    <marc:record>
        <marc:leader>01170cpcaa2200217Ia 4500</marc:leader>
        <marc:controlfield tag="001">001658318</marc:controlfield>
        <marc:controlfield tag="005">20141204101714.0</marc:controlfield>
        <marc:controlfield tag="008">950106i17881813enk                 eng d</marc:controlfield>
        <marc:datafield tag="035" ind1=" " ind2=" ">
            <marc:subfield code="a">31774500</marc:subfield>
        </marc:datafield>
        <marc:datafield tag="040" ind1=" " ind2=" ">
            <marc:subfield code="a">NDK</marc:subfield>
            <marc:subfield code="b">eng</marc:subfield>
            <marc:subfield code="c">NDK</marc:subfield>
            <marc:subfield code="d">OCLCQ</marc:subfield>
            <marc:subfield code="d">OCLCG</marc:subfield>
        </marc:datafield>
        <marc:datafield tag="049" ind1=" " ind2=" ">
            <marc:subfield code="a">NDDP</marc:subfield>
        </marc:datafield>
        <marc:datafield tag="100" ind1="1" ind2=" ">
            <marc:subfield code="a">Lettsom, John Coakley,</marc:subfield>
            <marc:subfield code="d">1744-1815.</marc:subfield>
        </marc:datafield>
        <marc:datafield tag="245" ind1="1" ind2="0">
            <marc:subfield code="a">John Coakley Lettsom papers,</marc:subfield>
            <marc:subfield code="f">1788, 1789, 1794, [1801], 1813.</marc:subfield>
        </marc:datafield>
        <marc:datafield tag="300" ind1=" " ind2=" ">
            <marc:subfield code="a">6</marc:subfield>
            <marc:subfield code="f">items.</marc:subfield>
        </marc:datafield>
        <marc:datafield tag="545" ind1=" " ind2=" ">
            <marc:subfield code="a">English Quaker physician and philanthropist.</marc:subfield>
        </marc:datafield>
        <marc:datafield tag="520" ind1="8" ind2=" ">
            <marc:subfield code="a">ALS from Lettsom to Miss Warren briefly mentions Thomas Joseph Pettigrew. 4 ALS to Lettsom from various correspondents, B. Wilmer, L. Maclean, J. Murphy and W. May, relate to the Medical Society of London. A transcription, in an anonymous hand, of abolitionist verse by Lettsom is followed by a description of the setting of the gathering at which the verses were presented. On the verso of this is an autograph note, signed by Benjamin Wilson, 1801.</marc:subfield>
        </marc:datafield>
        <marc:datafield tag="541" ind1=" " ind2=" ">
            <marc:subfield code="a">Source unknown.</marc:subfield>
        </marc:datafield>
        <marc:datafield tag="500" ind1=" " ind2=" ">
            <marc:subfield code="a">Forms part of the Trent Manuscripts Collection.</marc:subfield>
        </marc:datafield>
        <marc:datafield tag="600" ind1="1" ind2="2">
            <marc:subfield code="a">Pettigrew, Thomas Joseph,</marc:subfield>
            <marc:subfield code="d">1791-1865.</marc:subfield>
        </marc:datafield>
        <marc:datafield tag="650" ind1=" " ind2="2">
            <marc:subfield code="a">Societies, Medical</marc:subfield>
            <marc:subfield code="z">Great Britain.</marc:subfield>
        </marc:datafield>
        <marc:datafield tag="710" ind1="2" ind2=" ">
            <marc:subfield code="a">History of Medicine Collections (Duke University)</marc:subfield>
        </marc:datafield>
    </marc:record>