
    <marc:record>
        <marc:leader>01139cpcaa2200241Ia 4500</marc:leader>
        <marc:controlfield tag="001">002118693</marc:controlfield>
        <marc:controlfield tag="005">20141204101918.0</marc:controlfield>
        <marc:controlfield tag="008">960531i17891811nyu                 eng d</marc:controlfield>
        <marc:datafield tag="035" ind1=" " ind2=" ">
            <marc:subfield code="a">34838263</marc:subfield>
        </marc:datafield>
        <marc:datafield tag="040" ind1=" " ind2=" ">
            <marc:subfield code="a">NDK</marc:subfield>
            <marc:subfield code="b">eng</marc:subfield>
            <marc:subfield code="c">NDK</marc:subfield>
            <marc:subfield code="d">OCLCG</marc:subfield>
            <marc:subfield code="d">NDD</marc:subfield>
            <marc:subfield code="d">OCLCQ</marc:subfield>
            <marc:subfield code="d">OCLCF</marc:subfield>
            <marc:subfield code="d">OCLCO</marc:subfield>
        </marc:datafield>
        <marc:datafield tag="049" ind1=" " ind2=" ">
            <marc:subfield code="a">NDDP</marc:subfield>
        </marc:datafield>
        <marc:datafield tag="100" ind1="1" ind2=" ">
            <marc:subfield code="a">Bard, Samuel,</marc:subfield>
            <marc:subfield code="d">1742-1821.</marc:subfield>
        </marc:datafield>
        <marc:datafield tag="245" ind1="1" ind2="0">
            <marc:subfield code="a">Samuel Bard papers,</marc:subfield>
            <marc:subfield code="f">1789-1811.</marc:subfield>
        </marc:datafield>
        <marc:datafield tag="300" ind1=" " ind2=" ">
            <marc:subfield code="a">4</marc:subfield>
            <marc:subfield code="f">items.</marc:subfield>
        </marc:datafield>
        <marc:datafield tag="500" ind1=" " ind2=" ">
            <marc:subfield code="a">Forms part of the Trent Manuscripts Collection.</marc:subfield>
        </marc:datafield>
        <marc:datafield tag="545" ind1=" " ind2=" ">
            <marc:subfield code="a">New York physician and obstetrician.</marc:subfield>
        </marc:datafield>
        <marc:datafield tag="520" ind1="8" ind2=" ">
            <marc:subfield code="a">4 documents. Receipt of payment by the estate of Robert C. Livingston to Samuel Bard; license to practice medicine, issued by the Medical Society of Dutchess County, New York, to Dr. Larry G. Hall; two blank certificates (in Latin) of membership in the New York Medical Society, signed by John Bard (1716-1799), Samuel Bard's father.</marc:subfield>
        </marc:datafield>
        <marc:datafield tag="541" ind1=" " ind2=" ">
            <marc:subfield code="a">Source unknown.</marc:subfield>
        </marc:datafield>
        <marc:datafield tag="600" ind1="1" ind2="0">
            <marc:subfield code="a">Bard, Samuel,</marc:subfield>
            <marc:subfield code="d">1742-1821.</marc:subfield>
        </marc:datafield>
        <marc:datafield tag="610" ind1="2" ind2="2">
            <marc:subfield code="a">Medical Society of the State of New York (1788-1794)</marc:subfield>
        </marc:datafield>
        <marc:datafield tag="600" ind1="1" ind2="7">
            <marc:subfield code="a">Bard, Samuel,</marc:subfield>
            <marc:subfield code="d">1742-1821.</marc:subfield>
            <marc:subfield code="2">fast</marc:subfield>
            <marc:subfield code="0">(OCoLC)fst00119022</marc:subfield>
        </marc:datafield>
        <marc:datafield tag="700" ind1="1" ind2=" ">
            <marc:subfield code="a">Bard, John,</marc:subfield>
            <marc:subfield code="d">1716-1799.</marc:subfield>
        </marc:datafield>
        <marc:datafield tag="710" ind1="2" ind2=" ">
            <marc:subfield code="a">History of Medicine Collections (Duke University)</marc:subfield>
        </marc:datafield>
    </marc:record>