
    <marc:record>
        <marc:leader>01240cpcaa2200241Ia 4500</marc:leader>
        <marc:controlfield tag="001">002156034</marc:controlfield>
        <marc:controlfield tag="005">20141204101652.0</marc:controlfield>
        <marc:controlfield tag="008">960807i17921928xxu                 eng d</marc:controlfield>
        <marc:datafield tag="035" ind1=" " ind2=" ">
            <marc:subfield code="a">35203561</marc:subfield>
        </marc:datafield>
        <marc:datafield tag="040" ind1=" " ind2=" ">
            <marc:subfield code="a">NDK</marc:subfield>
            <marc:subfield code="b">eng</marc:subfield>
            <marc:subfield code="c">NDK</marc:subfield>
            <marc:subfield code="d">OCLCG</marc:subfield>
            <marc:subfield code="d">OCLCQ</marc:subfield>
            <marc:subfield code="d">OCLCA</marc:subfield>
        </marc:datafield>
        <marc:datafield tag="049" ind1=" " ind2=" ">
            <marc:subfield code="a">NDDP</marc:subfield>
        </marc:datafield>
        <marc:datafield tag="100" ind1="1" ind2=" ">
            <marc:subfield code="a">Mitchill, Samuel L.</marc:subfield>
            <marc:subfield code="q">(Samuel Latham),</marc:subfield>
            <marc:subfield code="d">1764-1831.</marc:subfield>
        </marc:datafield>
        <marc:datafield tag="245" ind1="1" ind2="0">
            <marc:subfield code="a">Samuel L. Mitchell papers,</marc:subfield>
            <marc:subfield code="f">1792-1928.</marc:subfield>
        </marc:datafield>
        <marc:datafield tag="300" ind1=" " ind2=" ">
            <marc:subfield code="a">15</marc:subfield>
            <marc:subfield code="f">items.</marc:subfield>
        </marc:datafield>
        <marc:datafield tag="545" ind1=" " ind2=" ">
            <marc:subfield code="a">Physician and naturalist.</marc:subfield>
        </marc:datafield>
        <marc:datafield tag="520" ind1="8" ind2=" ">
            <marc:subfield code="a">ALS. Letters to surgeon Valentine Mott, horticulturalist William Robert Prince, to auditor and naturalist William Lee relate to natural history. Papers also include verses from Le Brun dedicated to Mitchill by Francesca Pascalis and a letter to her from her father Felix Pascalis Ouviere. Mitchill also receives a letter of introduction from Roberts Vaux. In 1928 Mary Mayes writes Dr. Braislin regarding the sale of Mitchill papers in her possession.</marc:subfield>
        </marc:datafield>
        <marc:datafield tag="541" ind1=" " ind2=" ">
            <marc:subfield code="a">Source unknown.</marc:subfield>
        </marc:datafield>
        <marc:datafield tag="500" ind1=" " ind2=" ">
            <marc:subfield code="a">Forms part of the Trent Manuscripts Collection.</marc:subfield>
        </marc:datafield>
        <marc:datafield tag="700" ind1="1" ind2=" ">
            <marc:subfield code="a">Mott, Valentine,</marc:subfield>
            <marc:subfield code="d">1785-1865.</marc:subfield>
        </marc:datafield>
        <marc:datafield tag="700" ind1="1" ind2=" ">
            <marc:subfield code="a">Prince, William Robert,</marc:subfield>
            <marc:subfield code="d">1795-1869.</marc:subfield>
        </marc:datafield>
        <marc:datafield tag="700" ind1="1" ind2=" ">
            <marc:subfield code="a">Pascalis Ouviere, Felix,</marc:subfield>
            <marc:subfield code="d">1762-1833.</marc:subfield>
        </marc:datafield>
        <marc:datafield tag="700" ind1="1" ind2=" ">
            <marc:subfield code="a">Vaux, Roberts,</marc:subfield>
            <marc:subfield code="d">1786-1836.</marc:subfield>
        </marc:datafield>
        <marc:datafield tag="710" ind1="2" ind2=" ">
            <marc:subfield code="a">History of Medicine Collections (Duke University)</marc:subfield>
        </marc:datafield>
    </marc:record>