
    <marc:record>
        <marc:leader>01431cpcaa2200229Ia 4500</marc:leader>
        <marc:controlfield tag="001">002133847</marc:controlfield>
        <marc:controlfield tag="005">20141204101834.0</marc:controlfield>
        <marc:controlfield tag="008">960628i17941811vp                  eng d</marc:controlfield>
        <marc:datafield tag="035" ind1=" " ind2=" ">
            <marc:subfield code="a">35007202</marc:subfield>
        </marc:datafield>
        <marc:datafield tag="040" ind1=" " ind2=" ">
            <marc:subfield code="a">NDK</marc:subfield>
            <marc:subfield code="b">eng</marc:subfield>
            <marc:subfield code="c">NDK</marc:subfield>
            <marc:subfield code="d">OCLCG</marc:subfield>
            <marc:subfield code="d">OCLCQ</marc:subfield>
        </marc:datafield>
        <marc:datafield tag="049" ind1=" " ind2=" ">
            <marc:subfield code="a">NDDP</marc:subfield>
        </marc:datafield>
        <marc:datafield tag="100" ind1="1" ind2=" ">
            <marc:subfield code="a">Cutbush, Edward,</marc:subfield>
            <marc:subfield code="d">1772-1843.</marc:subfield>
        </marc:datafield>
        <marc:datafield tag="245" ind1="1" ind2="0">
            <marc:subfield code="a">Edward Cutbush papers,</marc:subfield>
            <marc:subfield code="f">1794-1811.</marc:subfield>
        </marc:datafield>
        <marc:datafield tag="300" ind1=" " ind2=" ">
            <marc:subfield code="a">12</marc:subfield>
            <marc:subfield code="f">items.</marc:subfield>
        </marc:datafield>
        <marc:datafield tag="545" ind1=" " ind2=" ">
            <marc:subfield code="a">U.S. naval surgeon.</marc:subfield>
        </marc:datafield>
        <marc:datafield tag="520" ind1="8" ind2=" ">
            <marc:subfield code="a">Papers include personal and official correspondence, a diploma from Pennsylvania Academy (the University of Pennsylvania), a certificate of service at the Philadelphia Hospital and a receipt of payment for services as surgeon's mate and senior surgeon. Diploma and certificate bear signatures of Caspar Wistar and Benjamin Rush, among others. Official communications from Samuel Smith and Paul Hamilton relate to the Navy Department affairs. Personal correspondence to James Rees, a friend and relative by marriage, relates to family, affairs on the Continent, especially in France, and the blockade of the Admiral of Tripoli in the harbor of Gibraltar. Mention is made of the Pennsylvania Turnpike Company and of his brother, James Cutbush.</marc:subfield>
        </marc:datafield>
        <marc:datafield tag="541" ind1=" " ind2=" ">
            <marc:subfield code="a">Source unknown.</marc:subfield>
        </marc:datafield>
        <marc:datafield tag="500" ind1=" " ind2=" ">
            <marc:subfield code="a">Forms part of the Trent Manuscripts Collection.</marc:subfield>
        </marc:datafield>
        <marc:datafield tag="600" ind1="1" ind2="2">
            <marc:subfield code="a">Cutbush, James,</marc:subfield>
            <marc:subfield code="d">1788-1823.</marc:subfield>
        </marc:datafield>
        <marc:datafield tag="700" ind1="1" ind2=" ">
            <marc:subfield code="a">Rush, Benjamin,</marc:subfield>
            <marc:subfield code="d">1746-1813.</marc:subfield>
        </marc:datafield>
        <marc:datafield tag="700" ind1="1" ind2=" ">
            <marc:subfield code="a">Wistar, Caspar,</marc:subfield>
            <marc:subfield code="d">1761-1818.</marc:subfield>
        </marc:datafield>
        <marc:datafield tag="710" ind1="2" ind2=" ">
            <marc:subfield code="a">History of Medicine Collections (Duke University)</marc:subfield>
        </marc:datafield>
    </marc:record>