
    <marc:record>
        <marc:leader>01064cpcaa2200193Ia 4500</marc:leader>
        <marc:controlfield tag="001">002158014</marc:controlfield>
        <marc:controlfield tag="005">20141204101637.0</marc:controlfield>
        <marc:controlfield tag="008">960816k17981835pau                 eng d</marc:controlfield>
        <marc:datafield tag="035" ind1=" " ind2=" ">
            <marc:subfield code="a">35253368</marc:subfield>
        </marc:datafield>
        <marc:datafield tag="040" ind1=" " ind2=" ">
            <marc:subfield code="a">NDK</marc:subfield>
            <marc:subfield code="b">eng</marc:subfield>
            <marc:subfield code="c">NDK</marc:subfield>
            <marc:subfield code="d">OCLCG</marc:subfield>
            <marc:subfield code="d">OCLCQ</marc:subfield>
        </marc:datafield>
        <marc:datafield tag="049" ind1=" " ind2=" ">
            <marc:subfield code="a">NDDP</marc:subfield>
        </marc:datafield>
        <marc:datafield tag="100" ind1="1" ind2=" ">
            <marc:subfield code="a">Physick, Philip Syng,</marc:subfield>
            <marc:subfield code="d">1768-1837.</marc:subfield>
        </marc:datafield>
        <marc:datafield tag="245" ind1="1" ind2="0">
            <marc:subfield code="a">Philip Syng Physick papers,</marc:subfield>
            <marc:subfield code="f">1774-1959, [bulk 1798-1835].</marc:subfield>
        </marc:datafield>
        <marc:datafield tag="300" ind1=" " ind2=" ">
            <marc:subfield code="a">8</marc:subfield>
            <marc:subfield code="f">items.</marc:subfield>
        </marc:datafield>
        <marc:datafield tag="545" ind1=" " ind2=" ">
            <marc:subfield code="a">Surgeon and professor of Philadelphia.</marc:subfield>
        </marc:datafield>
        <marc:datafield tag="520" ind1="8" ind2=" ">
            <marc:subfield code="a">Papers include a receipt for the sale of land signed by Physick's father, Edmund Physick, and receipts signed by Physick himself. Physick writes a letter of recommendation for William Milnor; responds to West Point cadet Ellis' inquiries regarding a thigh injury; and writes to Jaspar Yeates about the unsatisfactory progress of Physick's student and Yeates' relative, J. Hand. Yeates' biography is detailed in a letter from Whitfield J. Bell to Henry Schuman.</marc:subfield>
        </marc:datafield>
        <marc:datafield tag="541" ind1=" " ind2=" ">
            <marc:subfield code="a">Source unknown.</marc:subfield>
        </marc:datafield>
        <marc:datafield tag="500" ind1=" " ind2=" ">
            <marc:subfield code="a">Forms part of the Trent Manuscripts Collection.</marc:subfield>
        </marc:datafield>
        <marc:datafield tag="710" ind1="2" ind2=" ">
            <marc:subfield code="a">History of Medicine Collections (Duke University)</marc:subfield>
        </marc:datafield>
    </marc:record>