
    <marc:record>
        <marc:leader>03267cpcaa2200517Ia 4500</marc:leader>
        <marc:controlfield tag="001">001662429</marc:controlfield>
        <marc:controlfield tag="005">20141204101537.0</marc:controlfield>
        <marc:controlfield tag="008">950116i17991820vp                  eng d</marc:controlfield>
        <marc:datafield tag="035" ind1=" " ind2=" ">
            <marc:subfield code="a">31821952</marc:subfield>
        </marc:datafield>
        <marc:datafield tag="040" ind1=" " ind2=" ">
            <marc:subfield code="a">NDK</marc:subfield>
            <marc:subfield code="b">eng</marc:subfield>
            <marc:subfield code="c">NDK</marc:subfield>
            <marc:subfield code="d">OCLCQ</marc:subfield>
            <marc:subfield code="d">OCLCG</marc:subfield>
            <marc:subfield code="d">OCLCQ</marc:subfield>
        </marc:datafield>
        <marc:datafield tag="049" ind1=" " ind2=" ">
            <marc:subfield code="a">NDDP</marc:subfield>
        </marc:datafield>
        <marc:datafield tag="100" ind1="1" ind2=" ">
            <marc:subfield code="a">Spalding, Lyman,</marc:subfield>
            <marc:subfield code="d">1775-1821.</marc:subfield>
        </marc:datafield>
        <marc:datafield tag="245" ind1="1" ind2="0">
            <marc:subfield code="a">Lyman Spalding papers,</marc:subfield>
            <marc:subfield code="f">1799-1820.</marc:subfield>
        </marc:datafield>
        <marc:datafield tag="300" ind1=" " ind2=" ">
            <marc:subfield code="a">34</marc:subfield>
            <marc:subfield code="f">items.</marc:subfield>
        </marc:datafield>
        <marc:datafield tag="545" ind1=" " ind2=" ">
            <marc:subfield code="a">New Hampshire physician and surgeon; noted for his studies on yellow fever and for the founding of the U.S. Pharmacopoeia.</marc:subfield>
        </marc:datafield>
        <marc:datafield tag="520" ind1="8" ind2=" ">
            <marc:subfield code="a">34 ALS, including 2 photostats. Most are addressed to Spalding. Correspondents include: Ezekiel Porter, Arthur Livermore, S.L. Mitchill, Nicholas Rousselet, B. Waterhouse, S. Ricketson, W.H. Woodward, Clement Storer, G. Richards, W.D. Peck, N. Potter, Ebenezer Lerned, J.C. Warren, C. Wistar, J. Langdon, J.A. Smith, G.C. Shattuck, H.U. Onderdonk, J.L.E.W. Shecut, J. De La Motta, William Eustis Langdon, and S.N. Trevett. Matters discussed include: the cause and prevention of yellow fever and the promotion of the Pharmacopoeia. Reference is also made to medical periodicals, e. g. The New England journal of medicine, The medical repository, and the Medical and philosophical journal and review. Letters from U. Parsons, Sir Robert Perceval and M. Rouviere offer a view of European medicine, referring to J. Abernethy, Sir E. Home, Sir C. Bell, Sir W. Lawrence, W.T. Brande and J.P. Frank, and of the influence of books by Americans such as J. Gorham, P. Cleaveland and B. Rush.</marc:subfield>
        </marc:datafield>
        <marc:datafield tag="541" ind1=" " ind2=" ">
            <marc:subfield code="a">Goodspeed's Book Shop;</marc:subfield>
            <marc:subfield code="c">purchase;</marc:subfield>
            <marc:subfield code="d">1970.</marc:subfield>
        </marc:datafield>
        <marc:datafield tag="500" ind1=" " ind2=" ">
            <marc:subfield code="a">Forms part of the Trent Manuscripts Collection.</marc:subfield>
        </marc:datafield>
        <marc:datafield tag="600" ind1="1" ind2="2">
            <marc:subfield code="a">Mitchill, Samuel L.</marc:subfield>
            <marc:subfield code="q">(Samuel Latham),</marc:subfield>
            <marc:subfield code="d">1764-1831.</marc:subfield>
        </marc:datafield>
        <marc:datafield tag="600" ind1="1" ind2="2">
            <marc:subfield code="a">Waterhouse, Benjamin,</marc:subfield>
            <marc:subfield code="d">1754-1846.</marc:subfield>
        </marc:datafield>
        <marc:datafield tag="600" ind1="1" ind2="2">
            <marc:subfield code="a">Ricketson, Shadrach.</marc:subfield>
            <marc:subfield code="t">Means of preserving health, and preventing diseases.</marc:subfield>
        </marc:datafield>
        <marc:datafield tag="600" ind1="1" ind2="2">
            <marc:subfield code="a">Woodward, William Henry,</marc:subfield>
            <marc:subfield code="d">1774-1818.</marc:subfield>
        </marc:datafield>
        <marc:datafield tag="600" ind1="1" ind2="2">
            <marc:subfield code="a">Langdon, John,</marc:subfield>
            <marc:subfield code="d">1741-1819.</marc:subfield>
        </marc:datafield>
        <marc:datafield tag="600" ind1="1" ind2="2">
            <marc:subfield code="a">Richards, George,</marc:subfield>
            <marc:subfield code="d">1755?-1814.</marc:subfield>
        </marc:datafield>
        <marc:datafield tag="600" ind1="1" ind2="2">
            <marc:subfield code="a">Peck, William Dandridge,</marc:subfield>
            <marc:subfield code="d">1763-1822.</marc:subfield>
        </marc:datafield>
        <marc:datafield tag="600" ind1="1" ind2="2">
            <marc:subfield code="a">Potter, Nathaniel,</marc:subfield>
            <marc:subfield code="d">1770-1843.</marc:subfield>
        </marc:datafield>
        <marc:datafield tag="600" ind1="1" ind2="2">
            <marc:subfield code="a">Warren, John Collins,</marc:subfield>
            <marc:subfield code="d">1778-1856.</marc:subfield>
        </marc:datafield>
        <marc:datafield tag="600" ind1="1" ind2="2">
            <marc:subfield code="a">Wistar, Caspar,</marc:subfield>
            <marc:subfield code="d">1761-1818.</marc:subfield>
            <marc:subfield code="t">System of anatomy for the use of students of medicine.</marc:subfield>
        </marc:datafield>
        <marc:datafield tag="600" ind1="1" ind2="2">
            <marc:subfield code="a">Smith, John Augustine,</marc:subfield>
            <marc:subfield code="d">1782-1865.</marc:subfield>
        </marc:datafield>
        <marc:datafield tag="600" ind1="1" ind2="2">
            <marc:subfield code="a">Shattuck, George Cheyne,</marc:subfield>
            <marc:subfield code="d">1783-1854.</marc:subfield>
        </marc:datafield>
        <marc:datafield tag="600" ind1="1" ind2="2">
            <marc:subfield code="a">Onderdonk, Henry U.</marc:subfield>
            <marc:subfield code="q">(Henry Ustick),</marc:subfield>
            <marc:subfield code="d">1789-1858.</marc:subfield>
        </marc:datafield>
        <marc:datafield tag="600" ind1="1" ind2="2">
            <marc:subfield code="a">Parsons, Usher,</marc:subfield>
            <marc:subfield code="d">1788-1868.</marc:subfield>
        </marc:datafield>
        <marc:datafield tag="600" ind1="1" ind2="2">
            <marc:subfield code="a">Shecut, John L. E. W.</marc:subfield>
            <marc:subfield code="q">(John Linnaeus Edward Whitridge),</marc:subfield>
            <marc:subfield code="d">1770-1836.</marc:subfield>
        </marc:datafield>
        <marc:datafield tag="600" ind1="1" ind2="2">
            <marc:subfield code="a">De La Motta, Jacob,</marc:subfield>
            <marc:subfield code="d">1789-1845.</marc:subfield>
        </marc:datafield>
        <marc:datafield tag="600" ind1="1" ind2="2">
            <marc:subfield code="a">Abernethy, John,</marc:subfield>
            <marc:subfield code="d">1764-1831.</marc:subfield>
        </marc:datafield>
        <marc:datafield tag="600" ind1="1" ind2="2">
            <marc:subfield code="a">Home, Everard,</marc:subfield>
            <marc:subfield code="c">Sir,</marc:subfield>
            <marc:subfield code="d">1756-1832.</marc:subfield>
        </marc:datafield>
        <marc:datafield tag="600" ind1="1" ind2="2">
            <marc:subfield code="a">Bell, Charles,</marc:subfield>
            <marc:subfield code="c">Sir,</marc:subfield>
            <marc:subfield code="d">1774-1842.</marc:subfield>
        </marc:datafield>
        <marc:datafield tag="600" ind1="1" ind2="2">
            <marc:subfield code="a">Blizard, William,</marc:subfield>
            <marc:subfield code="c">Sir,</marc:subfield>
            <marc:subfield code="d">1743-1835.</marc:subfield>
        </marc:datafield>
        <marc:datafield tag="600" ind1="1" ind2="2">
            <marc:subfield code="a">Lawrence, William,</marc:subfield>
            <marc:subfield code="c">Sir,</marc:subfield>
            <marc:subfield code="d">1783-1867.</marc:subfield>
        </marc:datafield>
        <marc:datafield tag="600" ind1="1" ind2="2">
            <marc:subfield code="a">Gorham, John,</marc:subfield>
            <marc:subfield code="d">1783-1829.</marc:subfield>
            <marc:subfield code="t">Elements of chemical science.</marc:subfield>
        </marc:datafield>
        <marc:datafield tag="600" ind1="1" ind2="2">
            <marc:subfield code="a">Cleaveland, Parker,</marc:subfield>
            <marc:subfield code="d">1780-1858.</marc:subfield>
            <marc:subfield code="t">Elementary treatise on mineralogy and geology.</marc:subfield>
        </marc:datafield>
        <marc:datafield tag="600" ind1="1" ind2="2">
            <marc:subfield code="a">Brande, William Thomas,</marc:subfield>
            <marc:subfield code="d">1788-1866.</marc:subfield>
        </marc:datafield>
        <marc:datafield tag="600" ind1="1" ind2="2">
            <marc:subfield code="a">Rush, Benjamin,</marc:subfield>
            <marc:subfield code="d">1746-1813.</marc:subfield>
            <marc:subfield code="t">Account of the bilious remitting yellow fever.</marc:subfield>
        </marc:datafield>
        <marc:datafield tag="600" ind1="1" ind2="2">
            <marc:subfield code="a">Frank, Johann Peter,</marc:subfield>
            <marc:subfield code="d">1745-1821.</marc:subfield>
        </marc:datafield>
        <marc:datafield tag="650" ind1=" " ind2="2">
            <marc:subfield code="a">History of Medicine.</marc:subfield>
        </marc:datafield>
        <marc:datafield tag="710" ind1="2" ind2=" ">
            <marc:subfield code="a">History of Medicine Collections (Duke University)</marc:subfield>
        </marc:datafield>
    </marc:record>