
    <marc:record>
        <marc:leader>00819cpcaa2200217Ia 4500</marc:leader>
        <marc:controlfield tag="001">002119529</marc:controlfield>
        <marc:controlfield tag="005">20141204101901.0</marc:controlfield>
        <marc:controlfield tag="008">960603q18uu1877gw                  ger d</marc:controlfield>
        <marc:datafield tag="035" ind1=" " ind2=" ">
            <marc:subfield code="a">34847950</marc:subfield>
        </marc:datafield>
        <marc:datafield tag="040" ind1=" " ind2=" ">
            <marc:subfield code="a">NDK</marc:subfield>
            <marc:subfield code="b">eng</marc:subfield>
            <marc:subfield code="c">NDK</marc:subfield>
            <marc:subfield code="d">OCLCQ</marc:subfield>
            <marc:subfield code="d">OCLCG</marc:subfield>
            <marc:subfield code="d">NDD</marc:subfield>
            <marc:subfield code="d">OCLCQ</marc:subfield>
            <marc:subfield code="d">OCLCF</marc:subfield>
            <marc:subfield code="d">OCLCO</marc:subfield>
        </marc:datafield>
        <marc:datafield tag="049" ind1=" " ind2=" ">
            <marc:subfield code="a">NDDP</marc:subfield>
        </marc:datafield>
        <marc:datafield tag="100" ind1="1" ind2=" ">
            <marc:subfield code="a">Braun, Alexander,</marc:subfield>
            <marc:subfield code="d">1805-1877.</marc:subfield>
        </marc:datafield>
        <marc:datafield tag="245" ind1="1" ind2="0">
            <marc:subfield code="a">Alexander Braun note,</marc:subfield>
            <marc:subfield code="f">[no year], Feb. 20 :</marc:subfield>
            <marc:subfield code="b">Berlin, to Herr Gilman.</marc:subfield>
        </marc:datafield>
        <marc:datafield tag="300" ind1=" " ind2=" ">
            <marc:subfield code="a">1</marc:subfield>
            <marc:subfield code="f">item.</marc:subfield>
        </marc:datafield>
        <marc:datafield tag="500" ind1=" " ind2=" ">
            <marc:subfield code="a">Forms part of the Trent Manuscripts Collection.</marc:subfield>
        </marc:datafield>
        <marc:datafield tag="545" ind1=" " ind2=" ">
            <marc:subfield code="a">German botanist.</marc:subfield>
        </marc:datafield>
        <marc:datafield tag="520" ind1="8" ind2=" ">
            <marc:subfield code="a">Note (ANS) inviting Gilman to an evening with the &quot;Gesellschaft naturforscher Freunde.&quot;</marc:subfield>
        </marc:datafield>
        <marc:datafield tag="541" ind1=" " ind2=" ">
            <marc:subfield code="a">Source unknown.</marc:subfield>
        </marc:datafield>
        <marc:datafield tag="600" ind1="1" ind2="0">
            <marc:subfield code="a">Braun, Alexander,</marc:subfield>
            <marc:subfield code="d">1805-1877.</marc:subfield>
        </marc:datafield>
        <marc:datafield tag="600" ind1="1" ind2="7">
            <marc:subfield code="a">Braun, Alexander,</marc:subfield>
            <marc:subfield code="d">1805-1877.</marc:subfield>
            <marc:subfield code="2">fast</marc:subfield>
            <marc:subfield code="0">(OCoLC)fst00207025</marc:subfield>
        </marc:datafield>
        <marc:datafield tag="710" ind1="2" ind2=" ">
            <marc:subfield code="a">History of Medicine Collections (Duke University)</marc:subfield>
        </marc:datafield>
    </marc:record>