
    <marc:record>
        <marc:leader>01211cpcaa2200229Ia 4500</marc:leader>
        <marc:controlfield tag="001">002132131</marc:controlfield>
        <marc:controlfield tag="005">20141204101853.0</marc:controlfield>
        <marc:controlfield tag="008">960628s1803    fr                  fre d</marc:controlfield>
        <marc:datafield tag="035" ind1=" " ind2=" ">
            <marc:subfield code="a">35004490</marc:subfield>
        </marc:datafield>
        <marc:datafield tag="040" ind1=" " ind2=" ">
            <marc:subfield code="a">NDK</marc:subfield>
            <marc:subfield code="b">eng</marc:subfield>
            <marc:subfield code="c">NDK</marc:subfield>
            <marc:subfield code="d">OCLCQ</marc:subfield>
            <marc:subfield code="d">OCLCG</marc:subfield>
            <marc:subfield code="d">NDD</marc:subfield>
            <marc:subfield code="d">OCLCQ</marc:subfield>
            <marc:subfield code="d">OCLCF</marc:subfield>
            <marc:subfield code="d">OCLCO</marc:subfield>
        </marc:datafield>
        <marc:datafield tag="049" ind1=" " ind2=" ">
            <marc:subfield code="a">NDDP</marc:subfield>
        </marc:datafield>
        <marc:datafield tag="100" ind1="1" ind2=" ">
            <marc:subfield code="a">Cabanis, P. J. G.</marc:subfield>
            <marc:subfield code="q">(Pierre Jean Georges),</marc:subfield>
            <marc:subfield code="d">1757-1808.</marc:subfield>
        </marc:datafield>
        <marc:datafield tag="245" ind1="1" ind2="0">
            <marc:subfield code="a">Pierre Jean Georges Cabanis letter,</marc:subfield>
            <marc:subfield code="f">1803, Feb. [5 or 6] :</marc:subfield>
            <marc:subfield code="b">Auteuil, near Paris, to &quot;Citoyen Maine-Biran.&quot;</marc:subfield>
        </marc:datafield>
        <marc:datafield tag="300" ind1=" " ind2=" ">
            <marc:subfield code="a">1</marc:subfield>
            <marc:subfield code="f">item.</marc:subfield>
        </marc:datafield>
        <marc:datafield tag="500" ind1=" " ind2=" ">
            <marc:subfield code="a">Forms part of the Trent Manuscripts Collection.</marc:subfield>
        </marc:datafield>
        <marc:datafield tag="545" ind1=" " ind2=" ">
            <marc:subfield code="a">French physician, physiologist and materialist philosopher.</marc:subfield>
        </marc:datafield>
        <marc:datafield tag="520" ind1="8" ind2=" ">
            <marc:subfield code="a">Letter (ALS). In this very cordial letter, apparently written to Maine de Biran after his exclusion from the Council of Five Hundred on suspicion of royalism, Cabanis, himself a member of the Council, admonishes him to continue with his work, promising him every assistence.</marc:subfield>
        </marc:datafield>
        <marc:datafield tag="541" ind1=" " ind2=" ">
            <marc:subfield code="a">Source unknown.</marc:subfield>
        </marc:datafield>
        <marc:datafield tag="600" ind1="1" ind2="0">
            <marc:subfield code="a">Cabanis, P. J. G.</marc:subfield>
            <marc:subfield code="q">(Pierre Jean Georges),</marc:subfield>
            <marc:subfield code="d">1757-1808.</marc:subfield>
        </marc:datafield>
        <marc:datafield tag="600" ind1="1" ind2="2">
            <marc:subfield code="a">Maine de Biran, Pierre,</marc:subfield>
            <marc:subfield code="d">1766-1824.</marc:subfield>
        </marc:datafield>
        <marc:datafield tag="600" ind1="1" ind2="7">
            <marc:subfield code="a">Cabanis, P. J. G.</marc:subfield>
            <marc:subfield code="q">(Pierre Jean Georges),</marc:subfield>
            <marc:subfield code="d">1757-1808.</marc:subfield>
            <marc:subfield code="2">fast</marc:subfield>
            <marc:subfield code="0">(OCoLC)fst00047201</marc:subfield>
        </marc:datafield>
        <marc:datafield tag="710" ind1="2" ind2=" ">
            <marc:subfield code="a">History of Medicine Collections (Duke University)</marc:subfield>
        </marc:datafield>
    </marc:record>