
    <marc:record>
        <marc:leader>00730cpcaa2200205Ia 4500</marc:leader>
        <marc:controlfield tag="001">002119548</marc:controlfield>
        <marc:controlfield tag="005">20141204101854.0</marc:controlfield>
        <marc:controlfield tag="008">960603s1810    enk                 eng d</marc:controlfield>
        <marc:datafield tag="035" ind1=" " ind2=" ">
            <marc:subfield code="a">34848113</marc:subfield>
        </marc:datafield>
        <marc:datafield tag="040" ind1=" " ind2=" ">
            <marc:subfield code="a">NDK</marc:subfield>
            <marc:subfield code="b">eng</marc:subfield>
            <marc:subfield code="c">NDK</marc:subfield>
            <marc:subfield code="d">OCLCQ</marc:subfield>
            <marc:subfield code="d">NDD</marc:subfield>
            <marc:subfield code="d">OCLCQ</marc:subfield>
        </marc:datafield>
        <marc:datafield tag="049" ind1=" " ind2=" ">
            <marc:subfield code="a">NDDP</marc:subfield>
        </marc:datafield>
        <marc:datafield tag="100" ind1="1" ind2=" ">
            <marc:subfield code="a">Burnett, George,</marc:subfield>
            <marc:subfield code="d">1776?-1811.</marc:subfield>
        </marc:datafield>
        <marc:datafield tag="245" ind1="1" ind2="0">
            <marc:subfield code="a">George Burnett letter,</marc:subfield>
            <marc:subfield code="f">1810, Jun. 5 :</marc:subfield>
            <marc:subfield code="b">[London].</marc:subfield>
        </marc:datafield>
        <marc:datafield tag="300" ind1=" " ind2=" ">
            <marc:subfield code="a">1</marc:subfield>
            <marc:subfield code="f">item.</marc:subfield>
        </marc:datafield>
        <marc:datafield tag="500" ind1=" " ind2=" ">
            <marc:subfield code="a">Forms part of the Trent Manuscripts Collection.</marc:subfield>
        </marc:datafield>
        <marc:datafield tag="545" ind1=" " ind2=" ">
            <marc:subfield code="a">English military surgeon and writer.</marc:subfield>
        </marc:datafield>
        <marc:datafield tag="520" ind1="8" ind2=" ">
            <marc:subfield code="a">Letter (ALS) to the editor or publisher of the &quot;Annual Register&quot; soliciting an assignment.</marc:subfield>
        </marc:datafield>
        <marc:datafield tag="541" ind1=" " ind2=" ">
            <marc:subfield code="a">Source unknown.</marc:subfield>
        </marc:datafield>
        <marc:datafield tag="600" ind1="1" ind2="0">
            <marc:subfield code="a">Burnett, George,</marc:subfield>
            <marc:subfield code="d">1776?-1811.</marc:subfield>
        </marc:datafield>
        <marc:datafield tag="710" ind1="2" ind2=" ">
            <marc:subfield code="a">History of Medicine Collections (Duke University)</marc:subfield>
        </marc:datafield>
    </marc:record>