
    <marc:record>
        <marc:leader>00868cpcaa2200217Ia 4500</marc:leader>
        <marc:controlfield tag="001">002130257</marc:controlfield>
        <marc:controlfield tag="005">20141204101601.0</marc:controlfield>
        <marc:controlfield tag="008">960626s1812    riu                 eng d</marc:controlfield>
        <marc:datafield tag="035" ind1=" " ind2=" ">
            <marc:subfield code="a">34992827</marc:subfield>
        </marc:datafield>
        <marc:datafield tag="040" ind1=" " ind2=" ">
            <marc:subfield code="a">NDK</marc:subfield>
            <marc:subfield code="b">eng</marc:subfield>
            <marc:subfield code="c">NDK</marc:subfield>
            <marc:subfield code="d">OCLCQ</marc:subfield>
            <marc:subfield code="d">OCLCG</marc:subfield>
            <marc:subfield code="d">OCLCQ</marc:subfield>
        </marc:datafield>
        <marc:datafield tag="049" ind1=" " ind2=" ">
            <marc:subfield code="a">NDDP</marc:subfield>
        </marc:datafield>
        <marc:datafield tag="100" ind1="1" ind2=" ">
            <marc:subfield code="a">Rodgers, John,</marc:subfield>
            <marc:subfield code="d">1773-1838.</marc:subfield>
        </marc:datafield>
        <marc:datafield tag="245" ind1="1" ind2="0">
            <marc:subfield code="a">John Rodgers letter,</marc:subfield>
            <marc:subfield code="f">1812, Jan. 6 :</marc:subfield>
            <marc:subfield code="b">Newport, Rhode Island, to William P.C. Barton.</marc:subfield>
        </marc:datafield>
        <marc:datafield tag="300" ind1=" " ind2=" ">
            <marc:subfield code="a">1</marc:subfield>
            <marc:subfield code="f">item.</marc:subfield>
        </marc:datafield>
        <marc:datafield tag="545" ind1=" " ind2=" ">
            <marc:subfield code="a">U.S. Naval officer.</marc:subfield>
        </marc:datafield>
        <marc:datafield tag="520" ind1="8" ind2=" ">
            <marc:subfield code="a">ALS. An enthusiastic response to Barton's efforts to introduce citrus fruits and fruit juices into the diet of Navy servicemen as a preventive against scurvy.</marc:subfield>
        </marc:datafield>
        <marc:datafield tag="541" ind1=" " ind2=" ">
            <marc:subfield code="a">Source unknown.</marc:subfield>
        </marc:datafield>
        <marc:datafield tag="500" ind1=" " ind2=" ">
            <marc:subfield code="a">Forms part of the Trent Manuscripts Collection.</marc:subfield>
        </marc:datafield>
        <marc:datafield tag="600" ind1="1" ind2="2">
            <marc:subfield code="a">Barton, William P. C.</marc:subfield>
            <marc:subfield code="q">(William Paul Crillon),</marc:subfield>
            <marc:subfield code="d">1786-1856.</marc:subfield>
        </marc:datafield>
        <marc:datafield tag="650" ind1=" " ind2="2">
            <marc:subfield code="a">Scurvy.</marc:subfield>
        </marc:datafield>
        <marc:datafield tag="710" ind1="2" ind2=" ">
            <marc:subfield code="a">History of Medicine Collections (Duke University)</marc:subfield>
        </marc:datafield>
    </marc:record>