
    <marc:record>
        <marc:leader>00833cpcaa2200193Ia 4500</marc:leader>
        <marc:controlfield tag="001">002176694</marc:controlfield>
        <marc:controlfield tag="005">20141204101419.0</marc:controlfield>
        <marc:controlfield tag="008">961001i18131833lau                 eng d</marc:controlfield>
        <marc:datafield tag="035" ind1=" " ind2=" ">
            <marc:subfield code="a">35663683</marc:subfield>
        </marc:datafield>
        <marc:datafield tag="040" ind1=" " ind2=" ">
            <marc:subfield code="a">NDK</marc:subfield>
            <marc:subfield code="b">eng</marc:subfield>
            <marc:subfield code="c">NDK</marc:subfield>
            <marc:subfield code="d">NDD</marc:subfield>
        </marc:datafield>
        <marc:datafield tag="049" ind1=" " ind2=" ">
            <marc:subfield code="a">NDDP</marc:subfield>
        </marc:datafield>
        <marc:datafield tag="100" ind1="1" ind2=" ">
            <marc:subfield code="a">Watts, Charles.</marc:subfield>
        </marc:datafield>
        <marc:datafield tag="245" ind1="1" ind2="0">
            <marc:subfield code="a">Charles Watts papers,</marc:subfield>
            <marc:subfield code="f">1813-1833,</marc:subfield>
            <marc:subfield code="b">New Orleans.</marc:subfield>
        </marc:datafield>
        <marc:datafield tag="300" ind1=" " ind2=" ">
            <marc:subfield code="a">6</marc:subfield>
            <marc:subfield code="f">items.</marc:subfield>
        </marc:datafield>
        <marc:datafield tag="545" ind1=" " ind2=" ">
            <marc:subfield code="a">Lawyer from New York, practiced in New Orleans.</marc:subfield>
        </marc:datafield>
        <marc:datafield tag="520" ind1="8" ind2=" ">
            <marc:subfield code="a">ALS to his sister, Helen, and her husband, Henry F. Jones, in which he describes his legal career and life in New Orleans. He refers to epidemics of yellow fever and cholera and notes that the climate is considered to be beneficial to tuberculosis patients.</marc:subfield>
        </marc:datafield>
        <marc:datafield tag="541" ind1=" " ind2=" ">
            <marc:subfield code="a">Source unknown.</marc:subfield>
        </marc:datafield>
        <marc:datafield tag="500" ind1=" " ind2=" ">
            <marc:subfield code="a">Forms part of the Trent Manuscripts Collection.</marc:subfield>
        </marc:datafield>
        <marc:datafield tag="710" ind1="2" ind2=" ">
            <marc:subfield code="a">History of Medicine Collections (Duke University)</marc:subfield>
        </marc:datafield>
    </marc:record>