
    <marc:record>
        <marc:leader>00958cpcaa2200193Ia 4500</marc:leader>
        <marc:controlfield tag="001">002160524</marc:controlfield>
        <marc:controlfield tag="005">20141204101620.0</marc:controlfield>
        <marc:controlfield tag="008">960821s1815    scu                 eng d</marc:controlfield>
        <marc:datafield tag="035" ind1=" " ind2=" ">
            <marc:subfield code="a">35283392</marc:subfield>
        </marc:datafield>
        <marc:datafield tag="040" ind1=" " ind2=" ">
            <marc:subfield code="a">NDK</marc:subfield>
            <marc:subfield code="b">eng</marc:subfield>
            <marc:subfield code="c">NDK</marc:subfield>
            <marc:subfield code="d">OCL</marc:subfield>
            <marc:subfield code="d">OCLCQ</marc:subfield>
            <marc:subfield code="d">OCLCG</marc:subfield>
            <marc:subfield code="d">OCLCQ</marc:subfield>
        </marc:datafield>
        <marc:datafield tag="049" ind1=" " ind2=" ">
            <marc:subfield code="a">NDDP</marc:subfield>
        </marc:datafield>
        <marc:datafield tag="100" ind1="1" ind2=" ">
            <marc:subfield code="a">Ramsay, David,</marc:subfield>
            <marc:subfield code="d">1749-1815.</marc:subfield>
        </marc:datafield>
        <marc:datafield tag="245" ind1="1" ind2="0">
            <marc:subfield code="a">David Ramsay document,</marc:subfield>
            <marc:subfield code="f">undated, [post 1815 :</marc:subfield>
            <marc:subfield code="b">Charleston, South Carolina].</marc:subfield>
        </marc:datafield>
        <marc:datafield tag="300" ind1=" " ind2=" ">
            <marc:subfield code="a">1</marc:subfield>
            <marc:subfield code="f">item.</marc:subfield>
        </marc:datafield>
        <marc:datafield tag="545" ind1=" " ind2=" ">
            <marc:subfield code="a">Physician and politician of Charleston, South Carolina.</marc:subfield>
        </marc:datafield>
        <marc:datafield tag="520" ind1="8" ind2=" ">
            <marc:subfield code="a">Holograph document, signed. Details the division of the trust estate of Ramsay by the commissioners appointed by the court of equity. Signed by commissioners, J. King, T. Smith and W. Simmons. Also signed by heirs and beneficiaries, J.W. Campbell, G.B. Reid, M.G. Ramsay, Sarah Ramsay, J.A. Ramsay, and W.G. Ramsay.</marc:subfield>
        </marc:datafield>
        <marc:datafield tag="541" ind1=" " ind2=" ">
            <marc:subfield code="a">Source unknown.</marc:subfield>
        </marc:datafield>
        <marc:datafield tag="500" ind1=" " ind2=" ">
            <marc:subfield code="a">Forms part of the Trent Manuscripts Collection.</marc:subfield>
        </marc:datafield>
        <marc:datafield tag="710" ind1="2" ind2=" ">
            <marc:subfield code="a">History of Medicine Collections (Duke University)</marc:subfield>
        </marc:datafield>
    </marc:record>