
    <marc:record>
        <marc:leader>01969cpcaa2200409Ia 4500</marc:leader>
        <marc:controlfield tag="001">002169643</marc:controlfield>
        <marc:controlfield tag="005">20141204101511.0</marc:controlfield>
        <marc:controlfield tag="008">960912i18181859vp                  eng d</marc:controlfield>
        <marc:datafield tag="035" ind1=" " ind2=" ">
            <marc:subfield code="a">35527699</marc:subfield>
        </marc:datafield>
        <marc:datafield tag="040" ind1=" " ind2=" ">
            <marc:subfield code="a">NDK</marc:subfield>
            <marc:subfield code="b">eng</marc:subfield>
            <marc:subfield code="c">NDK</marc:subfield>
            <marc:subfield code="d">OCLCG</marc:subfield>
            <marc:subfield code="d">OCLCQ</marc:subfield>
            <marc:subfield code="d">OCLCO</marc:subfield>
            <marc:subfield code="d">OCLCA</marc:subfield>
            <marc:subfield code="d">NDD</marc:subfield>
        </marc:datafield>
        <marc:datafield tag="049" ind1=" " ind2=" ">
            <marc:subfield code="a">NDDP</marc:subfield>
        </marc:datafield>
        <marc:datafield tag="100" ind1="1" ind2=" ">
            <marc:subfield code="a">Torrey, John,</marc:subfield>
            <marc:subfield code="d">1796-1873.</marc:subfield>
        </marc:datafield>
        <marc:datafield tag="245" ind1="1" ind2="0">
            <marc:subfield code="a">John Torrey papers,</marc:subfield>
            <marc:subfield code="f">1818-1859.</marc:subfield>
        </marc:datafield>
        <marc:datafield tag="300" ind1=" " ind2=" ">
            <marc:subfield code="a">59</marc:subfield>
            <marc:subfield code="f">items.</marc:subfield>
        </marc:datafield>
        <marc:datafield tag="545" ind1=" " ind2=" ">
            <marc:subfield code="a">U.S. physician and botanist.</marc:subfield>
        </marc:datafield>
        <marc:datafield tag="520" ind1="8" ind2=" ">
            <marc:subfield code="a">ALS. Papers consist mostly of letters written to Torrey by professional colleagues, botanists and geologists involved in exploration and surveyor expeditions. Notable correspondents include Louis Agassiz, A.D. Bache, Spencer Fullerton Baird, George Bentham, Jacob Bigelow, James Dwight Dana, William Darlington, Amos Eaton, Ebenezer Emmons, Asa Gray, A. Guyot, Robert Hare, Joseph Henry, Edward Hitchcock, John Lindley, Josiah Clark Nott, C.S. Rafinesque, and John White Webster. A complete list of correspondents is available.</marc:subfield>
        </marc:datafield>
        <marc:datafield tag="541" ind1=" " ind2=" ">
            <marc:subfield code="a">Source unknown.</marc:subfield>
        </marc:datafield>
        <marc:datafield tag="500" ind1=" " ind2=" ">
            <marc:subfield code="a">Forms part of the Trent Manuscripts Collection.</marc:subfield>
        </marc:datafield>
        <marc:datafield tag="700" ind1="1" ind2=" ">
            <marc:subfield code="a">Agassiz, Louis,</marc:subfield>
            <marc:subfield code="d">1807-1873.</marc:subfield>
        </marc:datafield>
        <marc:datafield tag="700" ind1="1" ind2=" ">
            <marc:subfield code="a">Bache, A. D.</marc:subfield>
            <marc:subfield code="q">(Alexander Dallas),</marc:subfield>
            <marc:subfield code="d">1806-1867.</marc:subfield>
        </marc:datafield>
        <marc:datafield tag="700" ind1="1" ind2=" ">
            <marc:subfield code="a">Baird, Spencer Fullerton,</marc:subfield>
            <marc:subfield code="d">1823-1887.</marc:subfield>
        </marc:datafield>
        <marc:datafield tag="700" ind1="1" ind2=" ">
            <marc:subfield code="a">Bentham, George,</marc:subfield>
            <marc:subfield code="d">1800-1884.</marc:subfield>
        </marc:datafield>
        <marc:datafield tag="700" ind1="1" ind2=" ">
            <marc:subfield code="a">Bigelow, Jacob,</marc:subfield>
            <marc:subfield code="d">1786-1879.</marc:subfield>
        </marc:datafield>
        <marc:datafield tag="700" ind1="1" ind2=" ">
            <marc:subfield code="a">Dana, James Dwight,</marc:subfield>
            <marc:subfield code="d">1813-1895.</marc:subfield>
        </marc:datafield>
        <marc:datafield tag="700" ind1="1" ind2=" ">
            <marc:subfield code="a">Darlington, William,</marc:subfield>
            <marc:subfield code="d">1782-1863.</marc:subfield>
        </marc:datafield>
        <marc:datafield tag="700" ind1="1" ind2=" ">
            <marc:subfield code="a">Eaton, Amos,</marc:subfield>
            <marc:subfield code="d">1776-1842.</marc:subfield>
        </marc:datafield>
        <marc:datafield tag="700" ind1="1" ind2=" ">
            <marc:subfield code="a">Emmons, Ebenezer,</marc:subfield>
            <marc:subfield code="d">1799-1863.</marc:subfield>
        </marc:datafield>
        <marc:datafield tag="700" ind1="1" ind2=" ">
            <marc:subfield code="a">Gray, Asa,</marc:subfield>
            <marc:subfield code="d">1810-1888.</marc:subfield>
        </marc:datafield>
        <marc:datafield tag="700" ind1="1" ind2=" ">
            <marc:subfield code="a">Guyot, A.</marc:subfield>
            <marc:subfield code="q">(Arnold),</marc:subfield>
            <marc:subfield code="d">1807-1884.</marc:subfield>
        </marc:datafield>
        <marc:datafield tag="700" ind1="1" ind2=" ">
            <marc:subfield code="a">Hare, Robert,</marc:subfield>
            <marc:subfield code="d">1781-1858.</marc:subfield>
        </marc:datafield>
        <marc:datafield tag="700" ind1="1" ind2=" ">
            <marc:subfield code="a">Henry, Joseph,</marc:subfield>
            <marc:subfield code="d">1797-1878.</marc:subfield>
        </marc:datafield>
        <marc:datafield tag="700" ind1="1" ind2=" ">
            <marc:subfield code="a">Hitchcock, Edward,</marc:subfield>
            <marc:subfield code="d">1793-1864.</marc:subfield>
        </marc:datafield>
        <marc:datafield tag="700" ind1="1" ind2=" ">
            <marc:subfield code="a">Lindley, John,</marc:subfield>
            <marc:subfield code="d">1799-1865.</marc:subfield>
        </marc:datafield>
        <marc:datafield tag="700" ind1="1" ind2=" ">
            <marc:subfield code="a">Nott, Josiah Clark,</marc:subfield>
            <marc:subfield code="d">1804-1873.</marc:subfield>
        </marc:datafield>
        <marc:datafield tag="700" ind1="1" ind2=" ">
            <marc:subfield code="a">Rafinesque, C. S.</marc:subfield>
            <marc:subfield code="q">(Constantine Samuel),</marc:subfield>
            <marc:subfield code="d">1783-1840.</marc:subfield>
        </marc:datafield>
        <marc:datafield tag="700" ind1="1" ind2=" ">
            <marc:subfield code="a">Webster, John White,</marc:subfield>
            <marc:subfield code="d">1793-1850.</marc:subfield>
        </marc:datafield>
        <marc:datafield tag="710" ind1="2" ind2=" ">
            <marc:subfield code="a">History of Medicine Collections (Duke University)</marc:subfield>
        </marc:datafield>
    </marc:record>