
    <marc:record>
        <marc:leader>01224cpcaa2200241Ia 4500</marc:leader>
        <marc:controlfield tag="001">002137053</marc:controlfield>
        <marc:controlfield tag="005">20141204101827.0</marc:controlfield>
        <marc:controlfield tag="008">960711i18201849xxu                 eng d</marc:controlfield>
        <marc:datafield tag="035" ind1=" " ind2=" ">
            <marc:subfield code="a">35059765</marc:subfield>
        </marc:datafield>
        <marc:datafield tag="040" ind1=" " ind2=" ">
            <marc:subfield code="a">NDK</marc:subfield>
            <marc:subfield code="b">eng</marc:subfield>
            <marc:subfield code="c">NDK</marc:subfield>
            <marc:subfield code="d">OCL</marc:subfield>
            <marc:subfield code="d">OCLCG</marc:subfield>
            <marc:subfield code="d">OCLCQ</marc:subfield>
        </marc:datafield>
        <marc:datafield tag="049" ind1=" " ind2=" ">
            <marc:subfield code="a">NDDP</marc:subfield>
        </marc:datafield>
        <marc:datafield tag="100" ind1="1" ind2=" ">
            <marc:subfield code="a">Drake, Daniel,</marc:subfield>
            <marc:subfield code="d">1785-1852.</marc:subfield>
        </marc:datafield>
        <marc:datafield tag="245" ind1="1" ind2="0">
            <marc:subfield code="a">Daniel Drake papers,</marc:subfield>
            <marc:subfield code="f">1820-1849.</marc:subfield>
        </marc:datafield>
        <marc:datafield tag="300" ind1=" " ind2=" ">
            <marc:subfield code="a">13</marc:subfield>
            <marc:subfield code="f">items.</marc:subfield>
        </marc:datafield>
        <marc:datafield tag="545" ind1=" " ind2=" ">
            <marc:subfield code="a">Physician and medical professor.</marc:subfield>
        </marc:datafield>
        <marc:datafield tag="520" ind1="8" ind2=" ">
            <marc:subfield code="a">Papers consist of Drake's professional and personal correspondence. His correspondents include the Philadelphia physician, John Vaughan, to whom he recommends the chemist Robert Best; General Zachary Taylor; Kentucky Governor Robert Perkins Letcher, to whom he recommends Bishop B.B. Smith as Superintendent of Public Instruction; Coleman Rogers, with whom he had a personal disagreement; a patient, Mrs. Davis; and his grandson, Josiah C. Drake.</marc:subfield>
        </marc:datafield>
        <marc:datafield tag="541" ind1=" " ind2=" ">
            <marc:subfield code="a">Source unknown.</marc:subfield>
        </marc:datafield>
        <marc:datafield tag="500" ind1=" " ind2=" ">
            <marc:subfield code="a">Forms part of the Trent Manuscripts Collection.</marc:subfield>
        </marc:datafield>
        <marc:datafield tag="600" ind1="1" ind2="2">
            <marc:subfield code="a">Smith, B. B.</marc:subfield>
            <marc:subfield code="q">(Benjamin Bosworth),</marc:subfield>
            <marc:subfield code="d">1794-1884.</marc:subfield>
        </marc:datafield>
        <marc:datafield tag="700" ind1="1" ind2=" ">
            <marc:subfield code="a">Taylor, Zachary,</marc:subfield>
            <marc:subfield code="d">1784-1850.</marc:subfield>
        </marc:datafield>
        <marc:datafield tag="700" ind1="1" ind2=" ">
            <marc:subfield code="a">Letcher, Robert Perkins,</marc:subfield>
            <marc:subfield code="d">1788-1861.</marc:subfield>
        </marc:datafield>
        <marc:datafield tag="700" ind1="1" ind2=" ">
            <marc:subfield code="a">Coleman, Rogers,</marc:subfield>
            <marc:subfield code="d">1781-1855.</marc:subfield>
        </marc:datafield>
        <marc:datafield tag="710" ind1="2" ind2=" ">
            <marc:subfield code="a">History of Medicine Collections (Duke University)</marc:subfield>
        </marc:datafield>
    </marc:record>