
    <marc:record>
        <marc:leader>00955cpcaa2200205Ia 4500</marc:leader>
        <marc:controlfield tag="001">002196572</marc:controlfield>
        <marc:controlfield tag="005">20141204101512.0</marc:controlfield>
        <marc:controlfield tag="008">961120i18211847ctu                 eng d</marc:controlfield>
        <marc:datafield tag="035" ind1=" " ind2=" ">
            <marc:subfield code="a">35965750</marc:subfield>
        </marc:datafield>
        <marc:datafield tag="040" ind1=" " ind2=" ">
            <marc:subfield code="a">NDK</marc:subfield>
            <marc:subfield code="b">eng</marc:subfield>
            <marc:subfield code="c">NDK</marc:subfield>
            <marc:subfield code="d">OCL</marc:subfield>
            <marc:subfield code="d">OCLCG</marc:subfield>
            <marc:subfield code="d">OCLCQ</marc:subfield>
        </marc:datafield>
        <marc:datafield tag="049" ind1=" " ind2=" ">
            <marc:subfield code="a">NDDP</marc:subfield>
        </marc:datafield>
        <marc:datafield tag="100" ind1="1" ind2=" ">
            <marc:subfield code="a">Ticknor, Luther,</marc:subfield>
            <marc:subfield code="d">1790-1846.</marc:subfield>
        </marc:datafield>
        <marc:datafield tag="245" ind1="1" ind2="0">
            <marc:subfield code="a">Luther Ticknor papers,</marc:subfield>
            <marc:subfield code="f">1821-1847 :</marc:subfield>
            <marc:subfield code="b">Salisbury, Conn.</marc:subfield>
        </marc:datafield>
        <marc:datafield tag="300" ind1=" " ind2=" ">
            <marc:subfield code="a">13</marc:subfield>
            <marc:subfield code="f">items.</marc:subfield>
        </marc:datafield>
        <marc:datafield tag="545" ind1=" " ind2=" ">
            <marc:subfield code="a">Physician of Salisbury, Conn.</marc:subfield>
        </marc:datafield>
        <marc:datafield tag="520" ind1="8" ind2=" ">
            <marc:subfield code="a">Holograph documents, signed. Accounts of expenses incurred by the town of Salisbury and by various inhabitants against Dr. Luther Ticknor. Papers also include Adam Reid's Discourse delivered at the funeral of Luther Ticknor.</marc:subfield>
        </marc:datafield>
        <marc:datafield tag="541" ind1=" " ind2=" ">
            <marc:subfield code="a">Source unknown.</marc:subfield>
        </marc:datafield>
        <marc:datafield tag="500" ind1=" " ind2=" ">
            <marc:subfield code="a">Forms part of the Trent Manuscripts Collection.</marc:subfield>
        </marc:datafield>
        <marc:datafield tag="700" ind1="1" ind2=" ">
            <marc:subfield code="a">Reid, Adam,</marc:subfield>
            <marc:subfield code="d">1808-1878.</marc:subfield>
            <marc:subfield code="t">Discourse delivered at the funeral of Luther Ticknor, M.D. of Salisbury, Conn., April 20th, 1846.</marc:subfield>
        </marc:datafield>
        <marc:datafield tag="710" ind1="2" ind2=" ">
            <marc:subfield code="a">History of Medicine Collections (Duke University)</marc:subfield>
        </marc:datafield>
    </marc:record>