
    <marc:record>
        <marc:leader>01046cpcaa2200229Ia 4500</marc:leader>
        <marc:controlfield tag="001">002132159</marc:controlfield>
        <marc:controlfield tag="005">20141204101849.0</marc:controlfield>
        <marc:controlfield tag="008">960628i18221828vp                  eng d</marc:controlfield>
        <marc:datafield tag="035" ind1=" " ind2=" ">
            <marc:subfield code="a">35005800</marc:subfield>
        </marc:datafield>
        <marc:datafield tag="040" ind1=" " ind2=" ">
            <marc:subfield code="a">NDK</marc:subfield>
            <marc:subfield code="b">eng</marc:subfield>
            <marc:subfield code="c">NDK</marc:subfield>
            <marc:subfield code="d">OCLCG</marc:subfield>
            <marc:subfield code="d">OCLCQ</marc:subfield>
        </marc:datafield>
        <marc:datafield tag="049" ind1=" " ind2=" ">
            <marc:subfield code="a">NDDP</marc:subfield>
        </marc:datafield>
        <marc:datafield tag="100" ind1="1" ind2=" ">
            <marc:subfield code="a">Cleaveland, Parker,</marc:subfield>
            <marc:subfield code="d">1780-1858.</marc:subfield>
        </marc:datafield>
        <marc:datafield tag="245" ind1="1" ind2="0">
            <marc:subfield code="a">Parker Cleaveland papers,</marc:subfield>
            <marc:subfield code="f">1822-1828.</marc:subfield>
        </marc:datafield>
        <marc:datafield tag="300" ind1=" " ind2=" ">
            <marc:subfield code="a">3</marc:subfield>
            <marc:subfield code="f">items.</marc:subfield>
        </marc:datafield>
        <marc:datafield tag="545" ind1=" " ind2=" ">
            <marc:subfield code="a">U.S. scientist, professor of mathematics and natural philosophy, Bowdoin College, Maine.</marc:subfield>
        </marc:datafield>
        <marc:datafield tag="520" ind1="8" ind2=" ">
            <marc:subfield code="a">ALS to Cleaveland from Adam Seybert, regarding mineral specimens; from John Doane Wells, relating to affairs at Bowdoin College; and from Andrew Ferdinand Holmes, informing Cleaveland of his election to honorary member of the Natural History Society of Montreal.</marc:subfield>
        </marc:datafield>
        <marc:datafield tag="541" ind1=" " ind2=" ">
            <marc:subfield code="a">Source unknown.</marc:subfield>
        </marc:datafield>
        <marc:datafield tag="500" ind1=" " ind2=" ">
            <marc:subfield code="a">Forms part of the Trent Manuscripts Collection.</marc:subfield>
        </marc:datafield>
        <marc:datafield tag="700" ind1="1" ind2=" ">
            <marc:subfield code="a">Seybert, Adam,</marc:subfield>
            <marc:subfield code="d">1773-1825.</marc:subfield>
        </marc:datafield>
        <marc:datafield tag="700" ind1="1" ind2=" ">
            <marc:subfield code="a">Wells, John Doane,</marc:subfield>
            <marc:subfield code="d">1799-1830.</marc:subfield>
        </marc:datafield>
        <marc:datafield tag="700" ind1="1" ind2=" ">
            <marc:subfield code="a">Holmes, A. F.</marc:subfield>
            <marc:subfield code="q">(Andrew Fernando),</marc:subfield>
            <marc:subfield code="d">1797-1860.</marc:subfield>
        </marc:datafield>
        <marc:datafield tag="710" ind1="2" ind2=" ">
            <marc:subfield code="a">History of Medicine Collections (Duke University)</marc:subfield>
        </marc:datafield>
    </marc:record>