
    <marc:record>
        <marc:leader>01854cpcaa2200337Ia 4500</marc:leader>
        <marc:controlfield tag="001">002164970</marc:controlfield>
        <marc:controlfield tag="005">20141204101540.0</marc:controlfield>
        <marc:controlfield tag="008">960904i18221928vp                  eng d</marc:controlfield>
        <marc:datafield tag="035" ind1=" " ind2=" ">
            <marc:subfield code="a">35359184</marc:subfield>
        </marc:datafield>
        <marc:datafield tag="040" ind1=" " ind2=" ">
            <marc:subfield code="a">NDK</marc:subfield>
            <marc:subfield code="b">eng</marc:subfield>
            <marc:subfield code="c">NDK</marc:subfield>
            <marc:subfield code="d">OCLCG</marc:subfield>
            <marc:subfield code="d">OCLCA</marc:subfield>
            <marc:subfield code="d">OCLCQ</marc:subfield>
        </marc:datafield>
        <marc:datafield tag="049" ind1=" " ind2=" ">
            <marc:subfield code="a">NDDP</marc:subfield>
        </marc:datafield>
        <marc:datafield tag="100" ind1="1" ind2=" ">
            <marc:subfield code="a">Shattuck, Frederick Cheever,</marc:subfield>
            <marc:subfield code="d">1847-1929.</marc:subfield>
        </marc:datafield>
        <marc:datafield tag="245" ind1="1" ind2="0">
            <marc:subfield code="a">Frederick Cheever Shattuck papers,</marc:subfield>
            <marc:subfield code="f">1822-1928.</marc:subfield>
        </marc:datafield>
        <marc:datafield tag="300" ind1=" " ind2=" ">
            <marc:subfield code="a">31</marc:subfield>
            <marc:subfield code="f">items.</marc:subfield>
        </marc:datafield>
        <marc:datafield tag="545" ind1=" " ind2=" ">
            <marc:subfield code="a">Boston physician.</marc:subfield>
        </marc:datafield>
        <marc:datafield tag="520" ind1="8" ind2=" ">
            <marc:subfield code="a">ALS and TLS to Shattuck regarding Harvard Medical School history and the raising of funds for a bust of John Collins Warren (1778-1856). Notable correspondents include Frank Billings, Henry Ashbury Christian, John Miller Turpin Finney, Joel Ernest Goldthwait, Elliott Proctor Joslin, Richard Pearson Strong, Edward Wyllys Taylor, John Collins Warren (1866-1932), and Aldred Scott Warthin. Papers also include letters to the Arnold family of Paris from Shattuck's father, George Cheyne Shattuck, Jr. (1813-1893), and his grandfather, George Cheyne Shattuck (1783-1854). There is also a newspaper clipping of an obituary for G.C. Shattuck, Jr.</marc:subfield>
        </marc:datafield>
        <marc:datafield tag="541" ind1=" " ind2=" ">
            <marc:subfield code="a">Source unknown.</marc:subfield>
        </marc:datafield>
        <marc:datafield tag="500" ind1=" " ind2=" ">
            <marc:subfield code="a">Forms part of the Trent Manuscripts Collection.</marc:subfield>
        </marc:datafield>
        <marc:datafield tag="600" ind1="1" ind2="2">
            <marc:subfield code="a">Warren, John Collins,</marc:subfield>
            <marc:subfield code="d">1778-1856.</marc:subfield>
        </marc:datafield>
        <marc:datafield tag="700" ind1="1" ind2=" ">
            <marc:subfield code="a">Shattuck, George Cheyne,</marc:subfield>
            <marc:subfield code="d">1783-1854.</marc:subfield>
        </marc:datafield>
        <marc:datafield tag="700" ind1="1" ind2=" ">
            <marc:subfield code="a">Shattuck, George Cheyne,</marc:subfield>
            <marc:subfield code="d">1813-1893.</marc:subfield>
        </marc:datafield>
        <marc:datafield tag="700" ind1="1" ind2=" ">
            <marc:subfield code="a">Billings, Frank,</marc:subfield>
            <marc:subfield code="d">1854-1932.</marc:subfield>
        </marc:datafield>
        <marc:datafield tag="700" ind1="1" ind2=" ">
            <marc:subfield code="a">Christian, Henry Ashbury,</marc:subfield>
            <marc:subfield code="d">1876-1951.</marc:subfield>
        </marc:datafield>
        <marc:datafield tag="700" ind1="1" ind2=" ">
            <marc:subfield code="a">Finney, John Miller Turpin,</marc:subfield>
            <marc:subfield code="d">1863-1942.</marc:subfield>
        </marc:datafield>
        <marc:datafield tag="700" ind1="1" ind2=" ">
            <marc:subfield code="a">Goldthwait, Joel Ernest,</marc:subfield>
            <marc:subfield code="d">1866-</marc:subfield>
        </marc:datafield>
        <marc:datafield tag="700" ind1="1" ind2=" ">
            <marc:subfield code="a">Joslin, Elliott P.,</marc:subfield>
            <marc:subfield code="d">1869-1962.</marc:subfield>
        </marc:datafield>
        <marc:datafield tag="700" ind1="1" ind2=" ">
            <marc:subfield code="a">Strong, Richard P.</marc:subfield>
            <marc:subfield code="q">(Richard Pearson),</marc:subfield>
            <marc:subfield code="d">1872-1948.</marc:subfield>
        </marc:datafield>
        <marc:datafield tag="700" ind1="1" ind2=" ">
            <marc:subfield code="a">Taylor, Edward Wyllys,</marc:subfield>
            <marc:subfield code="d">1866-1932.</marc:subfield>
        </marc:datafield>
        <marc:datafield tag="700" ind1="1" ind2=" ">
            <marc:subfield code="a">Warren, John Collins,</marc:subfield>
            <marc:subfield code="d">1842-1927.</marc:subfield>
        </marc:datafield>
        <marc:datafield tag="700" ind1="1" ind2=" ">
            <marc:subfield code="a">Warthin, Aldred Scott,</marc:subfield>
            <marc:subfield code="d">1866-1931.</marc:subfield>
        </marc:datafield>
        <marc:datafield tag="710" ind1="2" ind2=" ">
            <marc:subfield code="a">History of Medicine Collections (Duke University)</marc:subfield>
        </marc:datafield>
    </marc:record>