
    <marc:record>
        <marc:leader>01046cpc a2200241Ia 4500</marc:leader>
        <marc:controlfield tag="001">002130260</marc:controlfield>
        <marc:controlfield tag="005">20141204101902.0</marc:controlfield>
        <marc:controlfield tag="008">941101i18251831fr                  fre d</marc:controlfield>
        <marc:datafield tag="035" ind1=" " ind2=" ">
            <marc:subfield code="a">31389044</marc:subfield>
        </marc:datafield>
        <marc:datafield tag="040" ind1=" " ind2=" ">
            <marc:subfield code="a">NDK</marc:subfield>
            <marc:subfield code="b">eng</marc:subfield>
            <marc:subfield code="c">NDK</marc:subfield>
            <marc:subfield code="d">OCLCQ</marc:subfield>
            <marc:subfield code="d">OCLCG</marc:subfield>
            <marc:subfield code="d">NDD</marc:subfield>
            <marc:subfield code="d">OCLCQ</marc:subfield>
            <marc:subfield code="d">OCLCF</marc:subfield>
            <marc:subfield code="d">OCLCO</marc:subfield>
        </marc:datafield>
        <marc:datafield tag="049" ind1=" " ind2=" ">
            <marc:subfield code="a">NDDP</marc:subfield>
        </marc:datafield>
        <marc:datafield tag="100" ind1="1" ind2=" ">
            <marc:subfield code="a">Breschet, G.</marc:subfield>
            <marc:subfield code="q">(Gilbert),</marc:subfield>
            <marc:subfield code="d">1784-1845.</marc:subfield>
        </marc:datafield>
        <marc:datafield tag="245" ind1="1" ind2="0">
            <marc:subfield code="a">Gilbert Breschet papers,</marc:subfield>
            <marc:subfield code="f">1825-1831, and undated.</marc:subfield>
        </marc:datafield>
        <marc:datafield tag="300" ind1=" " ind2=" ">
            <marc:subfield code="a">4</marc:subfield>
            <marc:subfield code="f">items.</marc:subfield>
        </marc:datafield>
        <marc:datafield tag="545" ind1=" " ind2=" ">
            <marc:subfield code="a">French physician and anatomist.</marc:subfield>
        </marc:datafield>
        <marc:datafield tag="520" ind1="8" ind2=" ">
            <marc:subfield code="a">3 letters (ALS). Breschet places a subscription to Cuvier's work on fishes with a M. Lerrault. In a letter to Breschet, J. Cruveilhier expresses discontent with his situation in Montpellier.</marc:subfield>
        </marc:datafield>
        <marc:datafield tag="541" ind1=" " ind2=" ">
            <marc:subfield code="a">Source unknown.</marc:subfield>
        </marc:datafield>
        <marc:datafield tag="500" ind1=" " ind2=" ">
            <marc:subfield code="a">Forms part of the Trent Manuscripts Collection.</marc:subfield>
        </marc:datafield>
        <marc:datafield tag="600" ind1="1" ind2="0">
            <marc:subfield code="a">Breschet, G.</marc:subfield>
            <marc:subfield code="q">(Gilbert),</marc:subfield>
            <marc:subfield code="d">1784-1845.</marc:subfield>
        </marc:datafield>
        <marc:datafield tag="600" ind1="1" ind2="2">
            <marc:subfield code="a">Cuvier, Georges,</marc:subfield>
            <marc:subfield code="c">baron,</marc:subfield>
            <marc:subfield code="d">1769-1832.</marc:subfield>
        </marc:datafield>
        <marc:datafield tag="600" ind1="1" ind2="7">
            <marc:subfield code="a">Breschet, G.</marc:subfield>
            <marc:subfield code="q">(Gilbert),</marc:subfield>
            <marc:subfield code="d">1784-1845.</marc:subfield>
            <marc:subfield code="2">fast</marc:subfield>
            <marc:subfield code="0">(OCoLC)fst00179763</marc:subfield>
        </marc:datafield>
        <marc:datafield tag="700" ind1="1" ind2=" ">
            <marc:subfield code="a">Cruveilhier, J.</marc:subfield>
            <marc:subfield code="q">(Jean),</marc:subfield>
            <marc:subfield code="d">1791-1874.</marc:subfield>
        </marc:datafield>
        <marc:datafield tag="710" ind1="2" ind2=" ">
            <marc:subfield code="a">History of Medicine Collections (Duke University)</marc:subfield>
        </marc:datafield>
    </marc:record>