
    <marc:record>
        <marc:leader>01240cpcaa2200229Ia 4500</marc:leader>
        <marc:controlfield tag="001">002156012</marc:controlfield>
        <marc:controlfield tag="005">20141204101703.0</marc:controlfield>
        <marc:controlfield tag="008">960807i18271849xxu                 eng d</marc:controlfield>
        <marc:datafield tag="035" ind1=" " ind2=" ">
            <marc:subfield code="a">35200984</marc:subfield>
        </marc:datafield>
        <marc:datafield tag="040" ind1=" " ind2=" ">
            <marc:subfield code="a">NDK</marc:subfield>
            <marc:subfield code="b">eng</marc:subfield>
            <marc:subfield code="c">NDK</marc:subfield>
            <marc:subfield code="d">OCLCG</marc:subfield>
            <marc:subfield code="d">OCLCQ</marc:subfield>
        </marc:datafield>
        <marc:datafield tag="049" ind1=" " ind2=" ">
            <marc:subfield code="a">NDDP</marc:subfield>
        </marc:datafield>
        <marc:datafield tag="100" ind1="1" ind2=" ">
            <marc:subfield code="a">Mitchell, John Kearsley,</marc:subfield>
            <marc:subfield code="d">1793-1858.</marc:subfield>
        </marc:datafield>
        <marc:datafield tag="245" ind1="1" ind2="0">
            <marc:subfield code="a">John Kearsley Mitchell papers,</marc:subfield>
            <marc:subfield code="f">1827-1849.</marc:subfield>
        </marc:datafield>
        <marc:datafield tag="300" ind1=" " ind2=" ">
            <marc:subfield code="a">7</marc:subfield>
            <marc:subfield code="f">items.</marc:subfield>
        </marc:datafield>
        <marc:datafield tag="545" ind1=" " ind2=" ">
            <marc:subfield code="a">Physician and scientist of Philadelphia.</marc:subfield>
        </marc:datafield>
        <marc:datafield tag="520" ind1="8" ind2=" ">
            <marc:subfield code="a">Mitchell corresponds with Oliver Wendell Holmes and Jacob Whitman Bailey regarding his book, On the cryptogamous origin of malarious and epidemic fevers. Papers also include a line drawing, removed from Mitchell's son's copy of Gower's lectures on the diagnosis of diseases of the brain, pub. 1885; a letter of recommendation for Andrew Ellicott Kennedy; and printed sheet music, Oh! Fly to the prairie, with lyrics by Mitchell.</marc:subfield>
        </marc:datafield>
        <marc:datafield tag="541" ind1=" " ind2=" ">
            <marc:subfield code="a">Source unknown.</marc:subfield>
        </marc:datafield>
        <marc:datafield tag="500" ind1=" " ind2=" ">
            <marc:subfield code="a">Forms part of the Trent Manuscripts Collection.</marc:subfield>
        </marc:datafield>
        <marc:datafield tag="600" ind1="1" ind2="2">
            <marc:subfield code="a">Mitchell, John Kearsley,</marc:subfield>
            <marc:subfield code="d">1793-1858.</marc:subfield>
            <marc:subfield code="t">On the cryptogamous origin of malarious and epidemic fevers.</marc:subfield>
        </marc:datafield>
        <marc:datafield tag="700" ind1="1" ind2=" ">
            <marc:subfield code="a">Holmes, Oliver Wendell,</marc:subfield>
            <marc:subfield code="d">1809-1894.</marc:subfield>
        </marc:datafield>
        <marc:datafield tag="700" ind1="1" ind2=" ">
            <marc:subfield code="a">Bailey, Jacob Whitman,</marc:subfield>
            <marc:subfield code="d">1811-1857.</marc:subfield>
        </marc:datafield>
        <marc:datafield tag="710" ind1="2" ind2=" ">
            <marc:subfield code="a">History of Medicine Collections (Duke University)</marc:subfield>
        </marc:datafield>
    </marc:record>