
    <marc:record>
        <marc:leader>00946cpcaa2200217Ia 4500</marc:leader>
        <marc:controlfield tag="001">002169145</marc:controlfield>
        <marc:controlfield tag="005">20141204101512.0</marc:controlfield>
        <marc:controlfield tag="008">960911s1833    mau                 eng d</marc:controlfield>
        <marc:datafield tag="035" ind1=" " ind2=" ">
            <marc:subfield code="a">35519962</marc:subfield>
        </marc:datafield>
        <marc:datafield tag="040" ind1=" " ind2=" ">
            <marc:subfield code="a">NDK</marc:subfield>
            <marc:subfield code="b">eng</marc:subfield>
            <marc:subfield code="c">NDK</marc:subfield>
            <marc:subfield code="d">OCLCQ</marc:subfield>
            <marc:subfield code="d">OCLCG</marc:subfield>
            <marc:subfield code="d">OCLCQ</marc:subfield>
        </marc:datafield>
        <marc:datafield tag="049" ind1=" " ind2=" ">
            <marc:subfield code="a">NDDP</marc:subfield>
        </marc:datafield>
        <marc:datafield tag="100" ind1="1" ind2=" ">
            <marc:subfield code="a">Thompson, Abraham Rand,</marc:subfield>
            <marc:subfield code="d">1781-1866.</marc:subfield>
        </marc:datafield>
        <marc:datafield tag="245" ind1="1" ind2="0">
            <marc:subfield code="a">Abraham Rand Thompson letter,</marc:subfield>
            <marc:subfield code="f">1833, June 7 :</marc:subfield>
            <marc:subfield code="b">Charlestown, Massachusetts, to Loammi Baldwin, Esq., Norfolk, Virginia.</marc:subfield>
        </marc:datafield>
        <marc:datafield tag="300" ind1=" " ind2=" ">
            <marc:subfield code="a">1</marc:subfield>
            <marc:subfield code="f">item.</marc:subfield>
        </marc:datafield>
        <marc:datafield tag="545" ind1=" " ind2=" ">
            <marc:subfield code="a">Massachusetts physician.</marc:subfield>
        </marc:datafield>
        <marc:datafield tag="520" ind1="8" ind2=" ">
            <marc:subfield code="a">ALS. Thompson refers to President Andrew Jackson's visit to the Bunker Hill monument in Boston and describes Commodore Jesse D. Elliott, the commander of the Charleston Navy Yard.</marc:subfield>
        </marc:datafield>
        <marc:datafield tag="541" ind1=" " ind2=" ">
            <marc:subfield code="a">Source unknown.</marc:subfield>
        </marc:datafield>
        <marc:datafield tag="500" ind1=" " ind2=" ">
            <marc:subfield code="a">Forms part of the Trent Manuscripts Collection.</marc:subfield>
        </marc:datafield>
        <marc:datafield tag="600" ind1="1" ind2="2">
            <marc:subfield code="a">Jackson, Andrew,</marc:subfield>
            <marc:subfield code="d">1767-1845.</marc:subfield>
        </marc:datafield>
        <marc:datafield tag="600" ind1="1" ind2="2">
            <marc:subfield code="a">Elliott, Jesse D.</marc:subfield>
            <marc:subfield code="q">(Jesse Duncan),</marc:subfield>
            <marc:subfield code="d">1782-1845.</marc:subfield>
        </marc:datafield>
        <marc:datafield tag="710" ind1="2" ind2=" ">
            <marc:subfield code="a">History of Medicine Collections (Duke University)</marc:subfield>
        </marc:datafield>
    </marc:record>