
    <marc:record>
        <marc:leader>00859cpcaa2200229Ia 4500</marc:leader>
        <marc:controlfield tag="001">001658319</marc:controlfield>
        <marc:controlfield tag="005">20141204101621.0</marc:controlfield>
        <marc:controlfield tag="008">950106s1840    vp                  fre d</marc:controlfield>
        <marc:datafield tag="035" ind1=" " ind2=" ">
            <marc:subfield code="a">31774549</marc:subfield>
        </marc:datafield>
        <marc:datafield tag="040" ind1=" " ind2=" ">
            <marc:subfield code="a">NDK</marc:subfield>
            <marc:subfield code="b">eng</marc:subfield>
            <marc:subfield code="c">NDK</marc:subfield>
            <marc:subfield code="d">OCLCG</marc:subfield>
        </marc:datafield>
        <marc:datafield tag="049" ind1=" " ind2=" ">
            <marc:subfield code="a">NDDP</marc:subfield>
        </marc:datafield>
        <marc:datafield tag="100" ind1="1" ind2=" ">
            <marc:subfield code="a">Pugnet, J. F.</marc:subfield>
            <marc:subfield code="q">(Jean Francois Xavier),</marc:subfield>
            <marc:subfield code="d">1765-1846.</marc:subfield>
        </marc:datafield>
        <marc:datafield tag="245" ind1="1" ind2="0">
            <marc:subfield code="a">J. F. Pugnet papers,</marc:subfield>
            <marc:subfield code="f">1840 and undated.</marc:subfield>
        </marc:datafield>
        <marc:datafield tag="300" ind1=" " ind2=" ">
            <marc:subfield code="a">2</marc:subfield>
            <marc:subfield code="f">items.</marc:subfield>
        </marc:datafield>
        <marc:datafield tag="545" ind1=" " ind2=" ">
            <marc:subfield code="a">French physician; physician to Napoleon's army in Egypt.</marc:subfield>
        </marc:datafield>
        <marc:datafield tag="520" ind1="8" ind2=" ">
            <marc:subfield code="a">1 ALS from Pugnet to Benjamin Morel and a short description of Pugnet's life in an anonymous hand.</marc:subfield>
        </marc:datafield>
        <marc:datafield tag="541" ind1=" " ind2=" ">
            <marc:subfield code="a">Source unknown.</marc:subfield>
        </marc:datafield>
        <marc:datafield tag="500" ind1=" " ind2=" ">
            <marc:subfield code="a">Forms part of the Trent Manuscripts Collection.</marc:subfield>
        </marc:datafield>
        <marc:datafield tag="600" ind1="1" ind2="2">
            <marc:subfield code="a">Pugnet, Jean Francois Xavier,</marc:subfield>
            <marc:subfield code="d">1765-1846.</marc:subfield>
        </marc:datafield>
        <marc:datafield tag="650" ind1=" " ind2="2">
            <marc:subfield code="a">Military Medicine</marc:subfield>
            <marc:subfield code="y">19th cent.</marc:subfield>
        </marc:datafield>
        <marc:datafield tag="690" ind1=" " ind2=" ">
            <marc:subfield code="a">Napoleonic Wars, 1800-1815</marc:subfield>
        </marc:datafield>
        <marc:datafield tag="710" ind1="2" ind2=" ">
            <marc:subfield code="a">History of Medicine Collections (Duke University)</marc:subfield>
        </marc:datafield>
    </marc:record>