
    <marc:record>
        <marc:leader>01037cpcaa2200205Ia 4500</marc:leader>
        <marc:controlfield tag="001">002119527</marc:controlfield>
        <marc:controlfield tag="005">20141204101901.0</marc:controlfield>
        <marc:controlfield tag="008">960603i18431845enk                 eng d</marc:controlfield>
        <marc:datafield tag="035" ind1=" " ind2=" ">
            <marc:subfield code="a">34847941</marc:subfield>
        </marc:datafield>
        <marc:datafield tag="040" ind1=" " ind2=" ">
            <marc:subfield code="a">NDK</marc:subfield>
            <marc:subfield code="b">eng</marc:subfield>
            <marc:subfield code="c">NDK</marc:subfield>
            <marc:subfield code="d">OCLCG</marc:subfield>
            <marc:subfield code="d">NDD</marc:subfield>
            <marc:subfield code="d">OCLCQ</marc:subfield>
        </marc:datafield>
        <marc:datafield tag="049" ind1=" " ind2=" ">
            <marc:subfield code="a">NDDP</marc:subfield>
        </marc:datafield>
        <marc:datafield tag="100" ind1="1" ind2=" ">
            <marc:subfield code="a">Bradfield, H. J. S.</marc:subfield>
            <marc:subfield code="q">(Henry Joseph Steele),</marc:subfield>
            <marc:subfield code="d">1805-1852.</marc:subfield>
        </marc:datafield>
        <marc:datafield tag="245" ind1="1" ind2="0">
            <marc:subfield code="a">Henry Joseph Steele Bradfield letters,</marc:subfield>
            <marc:subfield code="f">1843-1845 :</marc:subfield>
            <marc:subfield code="b">[London], to Sir John Philippart.</marc:subfield>
        </marc:datafield>
        <marc:datafield tag="300" ind1=" " ind2=" ">
            <marc:subfield code="a">22</marc:subfield>
            <marc:subfield code="f">items.</marc:subfield>
        </marc:datafield>
        <marc:datafield tag="500" ind1=" " ind2=" ">
            <marc:subfield code="a">Forms part of the Trent Manuscripts Collection.</marc:subfield>
        </marc:datafield>
        <marc:datafield tag="545" ind1=" " ind2=" ">
            <marc:subfield code="a">English surgeon and colonial officer.</marc:subfield>
        </marc:datafield>
        <marc:datafield tag="520" ind1="8" ind2=" ">
            <marc:subfield code="a">18 letters (ALS). Bradfield writes Philippart regarding manuscripts submitted for publication in the &quot;United Service Journal&quot; and regarding his financial difficulties, which followed upon his release from the colonial service for quarreling with another officer. Includes translations of 6 of the letters.</marc:subfield>
        </marc:datafield>
        <marc:datafield tag="541" ind1=" " ind2=" ">
            <marc:subfield code="a">Source unknown.</marc:subfield>
        </marc:datafield>
        <marc:datafield tag="600" ind1="1" ind2="0">
            <marc:subfield code="a">Bradfield, H. J. S.</marc:subfield>
            <marc:subfield code="q">(Henry Joseph Steele),</marc:subfield>
            <marc:subfield code="d">1805-1852.</marc:subfield>
        </marc:datafield>
        <marc:datafield tag="710" ind1="2" ind2=" ">
            <marc:subfield code="a">History of Medicine Collections (Duke University)</marc:subfield>
        </marc:datafield>
    </marc:record>