
    <marc:record>
        <marc:leader>00976cpcaa2200193Ia 4500</marc:leader>
        <marc:controlfield tag="001">002160529</marc:controlfield>
        <marc:controlfield tag="005">20141204101621.0</marc:controlfield>
        <marc:controlfield tag="008">960821s1845    sp                  spa d</marc:controlfield>
        <marc:datafield tag="035" ind1=" " ind2=" ">
            <marc:subfield code="a">35283505</marc:subfield>
        </marc:datafield>
        <marc:datafield tag="040" ind1=" " ind2=" ">
            <marc:subfield code="a">NDK</marc:subfield>
            <marc:subfield code="b">eng</marc:subfield>
            <marc:subfield code="c">NDK</marc:subfield>
            <marc:subfield code="d">OCLCQ</marc:subfield>
        </marc:datafield>
        <marc:datafield tag="049" ind1=" " ind2=" ">
            <marc:subfield code="a">NDDP</marc:subfield>
        </marc:datafield>
        <marc:datafield tag="100" ind1="1" ind2=" ">
            <marc:subfield code="a">Puente, Francisco.</marc:subfield>
        </marc:datafield>
        <marc:datafield tag="245" ind1="1" ind2="0">
            <marc:subfield code="a">Francisco Puente letter,</marc:subfield>
            <marc:subfield code="f">1845, June 28 :</marc:subfield>
            <marc:subfield code="b">Jerez de las Caballeros, Spain, to George Read, Consul General of the United States, Malaga.</marc:subfield>
        </marc:datafield>
        <marc:datafield tag="300" ind1=" " ind2=" ">
            <marc:subfield code="a">1</marc:subfield>
            <marc:subfield code="f">item.</marc:subfield>
        </marc:datafield>
        <marc:datafield tag="520" ind1="8" ind2=" ">
            <marc:subfield code="a">ALS. Fuente submits two recipes which he has found to be effective in the alleviation of yellow fever and asks that his findings be reported to the U.S. Consuls in Mexico and the Antilles and to the authorities in Vera Cruz, Havana and Philadelphia. Fuente understood the yellow fever to be a kind of colic, a disease of the digestive organs.</marc:subfield>
        </marc:datafield>
        <marc:datafield tag="541" ind1=" " ind2=" ">
            <marc:subfield code="a">Source unknown.</marc:subfield>
        </marc:datafield>
        <marc:datafield tag="500" ind1=" " ind2=" ">
            <marc:subfield code="a">Forms part of the Trent Manuscripts Collection.</marc:subfield>
        </marc:datafield>
        <marc:datafield tag="650" ind1=" " ind2="2">
            <marc:subfield code="a">Yellow Fever.</marc:subfield>
        </marc:datafield>
        <marc:datafield tag="710" ind1="2" ind2=" ">
            <marc:subfield code="a">History of Medicine Collections (Duke University)</marc:subfield>
        </marc:datafield>
    </marc:record>