
    <marc:record>
        <marc:leader>01248cpcaa2200229Ia 4500</marc:leader>
        <marc:controlfield tag="001">001646078</marc:controlfield>
        <marc:controlfield tag="005">20141204101733.0</marc:controlfield>
        <marc:controlfield tag="008">941212i18511861ctu                 eng d</marc:controlfield>
        <marc:datafield tag="035" ind1=" " ind2=" ">
            <marc:subfield code="a">31673951</marc:subfield>
        </marc:datafield>
        <marc:datafield tag="040" ind1=" " ind2=" ">
            <marc:subfield code="a">NDK</marc:subfield>
            <marc:subfield code="b">eng</marc:subfield>
            <marc:subfield code="c">NDK</marc:subfield>
            <marc:subfield code="d">OCLCQ</marc:subfield>
        </marc:datafield>
        <marc:datafield tag="043" ind1=" " ind2=" ">
            <marc:subfield code="a">n-us---</marc:subfield>
        </marc:datafield>
        <marc:datafield tag="049" ind1=" " ind2=" ">
            <marc:subfield code="a">NDDP</marc:subfield>
        </marc:datafield>
        <marc:datafield tag="100" ind1="1" ind2=" ">
            <marc:subfield code="a">Hyde, William.</marc:subfield>
        </marc:datafield>
        <marc:datafield tag="245" ind1="1" ind2="0">
            <marc:subfield code="a">William Hyde papers,</marc:subfield>
            <marc:subfield code="f">1861 and undated.</marc:subfield>
        </marc:datafield>
        <marc:datafield tag="300" ind1=" " ind2=" ">
            <marc:subfield code="a">16</marc:subfield>
            <marc:subfield code="f">items.</marc:subfield>
        </marc:datafield>
        <marc:datafield tag="545" ind1=" " ind2=" ">
            <marc:subfield code="a">Businessman, of Stonington, Connecticut.</marc:subfield>
        </marc:datafield>
        <marc:datafield tag="520" ind1="8" ind2=" ">
            <marc:subfield code="a">Miscellaneous documents found in Hyde's daybooks, 1851-1861, which are part of the library's bound manuscript collection. Documents include foolscap bearing sums owed and names of clients. Of particular interest are three drafts of a petition, 1861, Conn., to the U.S. Senate and House of Representatives, that the Crittenden measures, introduced by Kentucky legislator John Jordan Crittenden, be adopted by all states in order to peacefully preserve the Union. Of related interest is a page bearing biblical passages regarding slaves.</marc:subfield>
        </marc:datafield>
        <marc:datafield tag="541" ind1=" " ind2=" ">
            <marc:subfield code="a">Source unknown.</marc:subfield>
        </marc:datafield>
        <marc:datafield tag="500" ind1=" " ind2=" ">
            <marc:subfield code="a">Forms part of the Trent Manuscripts Collection.</marc:subfield>
        </marc:datafield>
        <marc:datafield tag="600" ind1="1" ind2="2">
            <marc:subfield code="a">Crittenden, John J.</marc:subfield>
            <marc:subfield code="q">(John Jordan),</marc:subfield>
            <marc:subfield code="d">1787-1863.</marc:subfield>
        </marc:datafield>
        <marc:datafield tag="651" ind1=" " ind2="2">
            <marc:subfield code="a">United States</marc:subfield>
            <marc:subfield code="x">History</marc:subfield>
            <marc:subfield code="y">Civil War, 1861-1865.</marc:subfield>
        </marc:datafield>
        <marc:datafield tag="710" ind1="2" ind2=" ">
            <marc:subfield code="a">History of Medicine Collections (Duke University)</marc:subfield>
        </marc:datafield>
    </marc:record>