
    <marc:record>
        <marc:leader>03045cpcaa2200409Ia 4500</marc:leader>
        <marc:controlfield tag="001">001742079</marc:controlfield>
        <marc:controlfield tag="005">20141204102107.0</marc:controlfield>
        <marc:controlfield tag="008">950503i18521961xxu                 eng d</marc:controlfield>
        <marc:datafield tag="024" ind1="8" ind2=" ">
            <marc:subfield code="a">trentjosiah</marc:subfield>
            <marc:subfield code="d">DUKEPLEAD</marc:subfield>
        </marc:datafield>
        <marc:datafield tag="035" ind1=" " ind2=" ">
            <marc:subfield code="a">32412002</marc:subfield>
        </marc:datafield>
        <marc:datafield tag="040" ind1=" " ind2=" ">
            <marc:subfield code="a">NDK</marc:subfield>
            <marc:subfield code="b">eng</marc:subfield>
            <marc:subfield code="c">NDK</marc:subfield>
            <marc:subfield code="d">OCLCG</marc:subfield>
            <marc:subfield code="d">NDD</marc:subfield>
            <marc:subfield code="d">OCLCO</marc:subfield>
            <marc:subfield code="d">NDD</marc:subfield>
            <marc:subfield code="d">OCLCO</marc:subfield>
            <marc:subfield code="d">NDD</marc:subfield>
        </marc:datafield>
        <marc:datafield tag="049" ind1=" " ind2=" ">
            <marc:subfield code="a">NDDP</marc:subfield>
        </marc:datafield>
        <marc:datafield tag="100" ind1="1" ind2=" ">
            <marc:subfield code="a">Trent, Josiah C.</marc:subfield>
            <marc:subfield code="q">(Josiah Charles),</marc:subfield>
            <marc:subfield code="d">1914-1948.</marc:subfield>
        </marc:datafield>
        <marc:datafield tag="245" ind1="1" ind2="0">
            <marc:subfield code="a">Josiah C. Trent papers,</marc:subfield>
            <marc:subfield code="f">1852-1961, bulk 1944-1950.</marc:subfield>
        </marc:datafield>
        <marc:datafield tag="300" ind1=" " ind2=" ">
            <marc:subfield code="a">6.25</marc:subfield>
            <marc:subfield code="f">linear feet</marc:subfield>
            <marc:subfield code="a">(approximately 1800</marc:subfield>
            <marc:subfield code="f">items)</marc:subfield>
        </marc:datafield>
        <marc:datafield tag="351" ind1=" " ind2=" ">
            <marc:subfield code="a">Organized into the following series: Medical School Student Papers; Subject Files; Writings; and Photographs.</marc:subfield>
        </marc:datafield>
        <marc:datafield tag="545" ind1=" " ind2=" ">
            <marc:subfield code="a">U. S. thoracic surgeon and rare book and manuscript collector.</marc:subfield>
        </marc:datafield>
        <marc:datafield tag="520" ind1="8" ind2=" ">
            <marc:subfield code="a">The Josiah C. Trent papers consist mostly of correspondence and notes for and drafts of published and unpublished research and articles. The collection also includes miscellaneous printed material, photographs, and lecture notes taken as a medical student at the University of Pennsylvania. There is also material relating to Dr. Trent's death and the subsequent donation of his large private rare book and manuscript collection to the Duke Medical Center Library. The bulk of the material documents Dr. Trent's activities and publications as collector and historian of medical practice, particularly surgery and epidemiology. Most of the correspondence chronicles Dr. Trent's involvement with various professional organizations and his acquaintance with prominent figures in various fields: medical history - John Fulton, Henry Sigerist, W. W. Francis; book collecting - Henry Schuman; Duke University - Wilburt Davison, Lenox D. Baker. There is also some information relating to Mary Duke Biddle Trent Semans, Dr. Trent's wife. The collection also contains photographic prints and negatives reproducing medical illustrations and texts dating from the 16th century to the 20th century. These dates refer to the content of the images, rather than their date of creation by Dr. Trent in the 1930s and 1940s. Acquired as part of the History of Medicine Collections at Duke University.</marc:subfield>
        </marc:datafield>
        <marc:datafield tag="541" ind1=" " ind2=" ">
            <marc:subfield code="a">.</marc:subfield>
            <marc:subfield code="c">Transfer</marc:subfield>
            <marc:subfield code="d">2011.</marc:subfield>
        </marc:datafield>
        <marc:datafield tag="500" ind1=" " ind2=" ">
            <marc:subfield code="a">Cataloged from inventory.</marc:subfield>
        </marc:datafield>
        <marc:datafield tag="555" ind1="8" ind2=" ">
            <marc:subfield code="a">Finding aid available in repository and online.</marc:subfield>
        </marc:datafield>
        <marc:datafield tag="500" ind1=" " ind2=" ">
            <marc:subfield code="a">Forms part of the Trent Manuscripts Collection.</marc:subfield>
        </marc:datafield>
        <marc:datafield tag="600" ind1="1" ind2="0">
            <marc:subfield code="a">Semans, Mary Duke Biddle Trent.</marc:subfield>
        </marc:datafield>
        <marc:datafield tag="600" ind1="1" ind2="0">
            <marc:subfield code="a">Trent, Josiah C.</marc:subfield>
            <marc:subfield code="q">(Josiah Charles),</marc:subfield>
            <marc:subfield code="d">1914-1948.</marc:subfield>
        </marc:datafield>
        <marc:datafield tag="600" ind1="1" ind2="0">
            <marc:subfield code="a">Trent, Josiah C.</marc:subfield>
            <marc:subfield code="q">(Josiah Charles),</marc:subfield>
            <marc:subfield code="d">1914-1948</marc:subfield>
            <marc:subfield code="x">Library.</marc:subfield>
        </marc:datafield>
        <marc:datafield tag="610" ind1="2" ind2="0">
            <marc:subfield code="a">Duke University.</marc:subfield>
            <marc:subfield code="b">Medical Center.</marc:subfield>
        </marc:datafield>
        <marc:datafield tag="610" ind1="2" ind2="0">
            <marc:subfield code="a">University of Pennsylvania.</marc:subfield>
            <marc:subfield code="b">School of Medicine.</marc:subfield>
        </marc:datafield>
        <marc:datafield tag="650" ind1=" " ind2="0">
            <marc:subfield code="a">Collectors and collecting</marc:subfield>
            <marc:subfield code="z">North Carolina.</marc:subfield>
        </marc:datafield>
        <marc:datafield tag="650" ind1=" " ind2="0">
            <marc:subfield code="a">Book collecting.</marc:subfield>
        </marc:datafield>
        <marc:datafield tag="650" ind1=" " ind2="0">
            <marc:subfield code="a">Epidemiology</marc:subfield>
            <marc:subfield code="x">History.</marc:subfield>
        </marc:datafield>
        <marc:datafield tag="650" ind1=" " ind2="0">
            <marc:subfield code="a">History of medicine.</marc:subfield>
        </marc:datafield>
        <marc:datafield tag="650" ind1=" " ind2="0">
            <marc:subfield code="a">Medical illustration.</marc:subfield>
        </marc:datafield>
        <marc:datafield tag="650" ind1=" " ind2="0">
            <marc:subfield code="a">Surgery</marc:subfield>
            <marc:subfield code="x">History.</marc:subfield>
        </marc:datafield>
        <marc:datafield tag="655" ind1=" " ind2="7">
            <marc:subfield code="a">Negatives.</marc:subfield>
            <marc:subfield code="2">aat</marc:subfield>
        </marc:datafield>
        <marc:datafield tag="655" ind1=" " ind2="7">
            <marc:subfield code="a">Photographs.</marc:subfield>
            <marc:subfield code="2">aat</marc:subfield>
        </marc:datafield>
        <marc:datafield tag="710" ind1="2" ind2=" ">
            <marc:subfield code="a">History of Medicine Collections (Duke University)</marc:subfield>
        </marc:datafield>
        <marc:datafield tag="856" ind1="4" ind2="2">
            <marc:subfield code="y">Finding aid</marc:subfield>
            <marc:subfield code="u">http://library.duke.edu/rubenstein/findingaids/trentjosiah</marc:subfield>
        </marc:datafield>
    </marc:record>