
    <marc:record>
        <marc:leader>00594cpm a2200169Ka 4500</marc:leader>
        <marc:controlfield tag="001">001697293</marc:controlfield>
        <marc:controlfield tag="005">20121013153435.0</marc:controlfield>
        <marc:controlfield tag="008">950314s1856    fr                  fre d</marc:controlfield>
        <marc:datafield tag="040" ind1=" " ind2=" ">
            <marc:subfield code="a">NDK</marc:subfield>
            <marc:subfield code="c">NDK</marc:subfield>
        </marc:datafield>
        <marc:datafield tag="096" ind1=" " ind2=" ">
            <marc:subfield code="a">x</marc:subfield>
        </marc:datafield>
        <marc:datafield tag="100" ind1="1" ind2=" ">
            <marc:subfield code="a">Cruseron or Carveron.</marc:subfield>
        </marc:datafield>
        <marc:datafield tag="245" ind1="1" ind2="0">
            <marc:subfield code="a">Letter,</marc:subfield>
            <marc:subfield code="f">1856, July 1,</marc:subfield>
            <marc:subfield code="b">Macon to M. Gilledey, Autun.</marc:subfield>
        </marc:datafield>
        <marc:datafield tag="300" ind1=" " ind2=" ">
            <marc:subfield code="a">1</marc:subfield>
            <marc:subfield code="f">item.</marc:subfield>
        </marc:datafield>
        <marc:datafield tag="520" ind1="8" ind2=" ">
            <marc:subfield code="a">ALS. Announces that a medical jury composed of M. Lacroix, M. Valleday and himself will be visiting Gilledey's area.</marc:subfield>
        </marc:datafield>
        <marc:datafield tag="500" ind1=" " ind2=" ">
            <marc:subfield code="a">Forms part of the Trent Manuscripts Collection.</marc:subfield>
        </marc:datafield>
        <marc:datafield tag="700" ind1="1" ind2=" ">
            <marc:subfield code="a">Carveron.</marc:subfield>
        </marc:datafield>
        <marc:datafield tag="710" ind1="2" ind2=" ">
            <marc:subfield code="a">History of Medicine Collections (Duke University)</marc:subfield>
        </marc:datafield>
    </marc:record>