
    <marc:record>
        <marc:leader>01115cpcaa2200205Ia 4500</marc:leader>
        <marc:controlfield tag="001">002133846</marc:controlfield>
        <marc:controlfield tag="005">20141204101832.0</marc:controlfield>
        <marc:controlfield tag="008">960628s1861    mau                 eng d</marc:controlfield>
        <marc:datafield tag="035" ind1=" " ind2=" ">
            <marc:subfield code="a">35007185</marc:subfield>
        </marc:datafield>
        <marc:datafield tag="040" ind1=" " ind2=" ">
            <marc:subfield code="a">NDK</marc:subfield>
            <marc:subfield code="b">eng</marc:subfield>
            <marc:subfield code="c">NDK</marc:subfield>
            <marc:subfield code="d">OCLCQ</marc:subfield>
            <marc:subfield code="d">OCLCG</marc:subfield>
            <marc:subfield code="d">OCLCQ</marc:subfield>
        </marc:datafield>
        <marc:datafield tag="049" ind1=" " ind2=" ">
            <marc:subfield code="a">NDDP</marc:subfield>
        </marc:datafield>
        <marc:datafield tag="100" ind1="1" ind2=" ">
            <marc:subfield code="a">Curtis, Josiah,</marc:subfield>
            <marc:subfield code="d">1816-1883.</marc:subfield>
        </marc:datafield>
        <marc:datafield tag="245" ind1="1" ind2="0">
            <marc:subfield code="a">Josiah Curtis letter,</marc:subfield>
            <marc:subfield code="f">1861, Apr. 30 :</marc:subfield>
            <marc:subfield code="b">Boston, to Hon. A. Walker, No. Brookfield.</marc:subfield>
        </marc:datafield>
        <marc:datafield tag="300" ind1=" " ind2=" ">
            <marc:subfield code="a">1</marc:subfield>
            <marc:subfield code="f">item.</marc:subfield>
        </marc:datafield>
        <marc:datafield tag="545" ind1=" " ind2=" ">
            <marc:subfield code="a">U.S. naturalist and hygienist.</marc:subfield>
        </marc:datafield>
        <marc:datafield tag="520" ind1="8" ind2=" ">
            <marc:subfield code="a">ALS. Writes that he is fearful of being removed from his office of Superintendent of Registration on the Boston Sanitary Commission as a consequence of his signing a petition requesting a Board of Health. Asks that Walker speak to Secretary of State Warner or Governor Andrew on his behalf. Gives names of others who support his cause. Encloses a copy of a letter from William B. Calhoun, addressed to Warner, arguing his case.</marc:subfield>
        </marc:datafield>
        <marc:datafield tag="541" ind1=" " ind2=" ">
            <marc:subfield code="a">Source unknown.</marc:subfield>
        </marc:datafield>
        <marc:datafield tag="500" ind1=" " ind2=" ">
            <marc:subfield code="a">Forms part of the Trent Manuscripts Collection.</marc:subfield>
        </marc:datafield>
        <marc:datafield tag="700" ind1="1" ind2=" ">
            <marc:subfield code="a">Calhoun, William B.</marc:subfield>
            <marc:subfield code="q">(William Barron),</marc:subfield>
            <marc:subfield code="d">1795-1865.</marc:subfield>
        </marc:datafield>
        <marc:datafield tag="710" ind1="2" ind2=" ">
            <marc:subfield code="a">History of Medicine Collections (Duke University)</marc:subfield>
        </marc:datafield>
    </marc:record>