
    <marc:record>
        <marc:leader>01339cpcaa2200205Ia 4500</marc:leader>
        <marc:controlfield tag="001">002137049</marc:controlfield>
        <marc:controlfield tag="005">20141204101828.0</marc:controlfield>
        <marc:controlfield tag="008">960710i18621880xxu                 eng d</marc:controlfield>
        <marc:datafield tag="035" ind1=" " ind2=" ">
            <marc:subfield code="a">35053673</marc:subfield>
        </marc:datafield>
        <marc:datafield tag="040" ind1=" " ind2=" ">
            <marc:subfield code="a">NDK</marc:subfield>
            <marc:subfield code="b">eng</marc:subfield>
            <marc:subfield code="c">NDK</marc:subfield>
            <marc:subfield code="d">OCLCG</marc:subfield>
            <marc:subfield code="d">OCLCQ</marc:subfield>
        </marc:datafield>
        <marc:datafield tag="049" ind1=" " ind2=" ">
            <marc:subfield code="a">NDDP</marc:subfield>
        </marc:datafield>
        <marc:datafield tag="100" ind1="1" ind2=" ">
            <marc:subfield code="a">Dix, Dorothea Lynde,</marc:subfield>
            <marc:subfield code="d">1802-1887.</marc:subfield>
        </marc:datafield>
        <marc:datafield tag="245" ind1="1" ind2="0">
            <marc:subfield code="a">Dorothea Lynde Dix papers,</marc:subfield>
            <marc:subfield code="f">1862-1880 and undated.</marc:subfield>
        </marc:datafield>
        <marc:datafield tag="300" ind1=" " ind2=" ">
            <marc:subfield code="a">4</marc:subfield>
            <marc:subfield code="f">items.</marc:subfield>
        </marc:datafield>
        <marc:datafield tag="545" ind1=" " ind2=" ">
            <marc:subfield code="a">Humanitarian, remembered for her work in ameliorating the condition of the mentally ill and as superintendent of women nurses during the Civil War.</marc:subfield>
        </marc:datafield>
        <marc:datafield tag="520" ind1="8" ind2=" ">
            <marc:subfield code="a">In a holograph, unsigned, ca. May 1862, Dix lists recommendations for promotions in the US Army hospital administration. This bears an autograph note, signed by Abraham Lincoln, forwarding the list for consideration to Secretary of War Stanton. Dix writes in 1880 to a friend concerning her physical health and in an undated note regarding a mentally ill patient. Papers also include a poem, presumably in Dix's hand, on nursing the mentally ill. This is to be found on the same sheet with the printed poem, &quot;Stanzas&quot;, written by a patient in the New Jersey State Hospital for the Insane.</marc:subfield>
        </marc:datafield>
        <marc:datafield tag="541" ind1=" " ind2=" ">
            <marc:subfield code="a">Source unknown.</marc:subfield>
        </marc:datafield>
        <marc:datafield tag="500" ind1=" " ind2=" ">
            <marc:subfield code="a">Forms part of the Trent Manuscripts Collection.</marc:subfield>
        </marc:datafield>
        <marc:datafield tag="700" ind1="1" ind2=" ">
            <marc:subfield code="a">Lincoln, Abraham,</marc:subfield>
            <marc:subfield code="d">1809-1865.</marc:subfield>
        </marc:datafield>
        <marc:datafield tag="710" ind1="2" ind2=" ">
            <marc:subfield code="a">History of Medicine Collections (Duke University)</marc:subfield>
        </marc:datafield>
    </marc:record>