
    <marc:record>
        <marc:leader>01087cpcaa2200229Ia 4500</marc:leader>
        <marc:controlfield tag="001">002133853</marc:controlfield>
        <marc:controlfield tag="005">20141204101832.0</marc:controlfield>
        <marc:controlfield tag="008">960628i18681881enk                 eng d</marc:controlfield>
        <marc:datafield tag="035" ind1=" " ind2=" ">
            <marc:subfield code="a">35007279</marc:subfield>
        </marc:datafield>
        <marc:datafield tag="040" ind1=" " ind2=" ">
            <marc:subfield code="a">NDK</marc:subfield>
            <marc:subfield code="b">eng</marc:subfield>
            <marc:subfield code="c">NDK</marc:subfield>
            <marc:subfield code="d">OCLCG</marc:subfield>
            <marc:subfield code="d">OCLCQ</marc:subfield>
        </marc:datafield>
        <marc:datafield tag="049" ind1=" " ind2=" ">
            <marc:subfield code="a">NDDP</marc:subfield>
        </marc:datafield>
        <marc:datafield tag="100" ind1="1" ind2=" ">
            <marc:subfield code="a">Darwin, Charles,</marc:subfield>
            <marc:subfield code="d">1809-1882.</marc:subfield>
        </marc:datafield>
        <marc:datafield tag="245" ind1="1" ind2="0">
            <marc:subfield code="a">Charles Darwin papers,</marc:subfield>
            <marc:subfield code="f">[1868?]-1881 and undated :</marc:subfield>
            <marc:subfield code="b">Kent.</marc:subfield>
        </marc:datafield>
        <marc:datafield tag="300" ind1=" " ind2=" ">
            <marc:subfield code="a">3</marc:subfield>
            <marc:subfield code="f">items.</marc:subfield>
        </marc:datafield>
        <marc:datafield tag="545" ind1=" " ind2=" ">
            <marc:subfield code="a">English naturalist and biologist.</marc:subfield>
        </marc:datafield>
        <marc:datafield tag="520" ind1="8" ind2=" ">
            <marc:subfield code="a">3 ALS. One letter relates to methods of observing flies. A letter addressed to Jenner Weir discusses sexual selection among birds, the possibility of inherited effects of injury, and the question whether birds construct their nests based on instinct or learning. This letter makes mention of Edward Jenner, George Rolleston and Alfred Russel Wallace.</marc:subfield>
        </marc:datafield>
        <marc:datafield tag="541" ind1=" " ind2=" ">
            <marc:subfield code="a">Source unknown.</marc:subfield>
        </marc:datafield>
        <marc:datafield tag="500" ind1=" " ind2=" ">
            <marc:subfield code="a">Forms part of the Trent Manuscripts Collection.</marc:subfield>
        </marc:datafield>
        <marc:datafield tag="600" ind1="1" ind2="2">
            <marc:subfield code="a">Jenner, Edward,</marc:subfield>
            <marc:subfield code="d">1749-1823.</marc:subfield>
        </marc:datafield>
        <marc:datafield tag="600" ind1="1" ind2="2">
            <marc:subfield code="a">Rolleston, George,</marc:subfield>
            <marc:subfield code="d">1829-1881.</marc:subfield>
        </marc:datafield>
        <marc:datafield tag="600" ind1="1" ind2="2">
            <marc:subfield code="a">Wallace, Alfred Russel,</marc:subfield>
            <marc:subfield code="d">1823-1913.</marc:subfield>
        </marc:datafield>
        <marc:datafield tag="710" ind1="2" ind2=" ">
            <marc:subfield code="a">History of Medicine Collections (Duke University)</marc:subfield>
        </marc:datafield>
    </marc:record>