
    <marc:record>
        <marc:leader>01803cpcaa2200205Ia 4500</marc:leader>
        <marc:controlfield tag="001">002169676</marc:controlfield>
        <marc:controlfield tag="005">20141204101539.0</marc:controlfield>
        <marc:controlfield tag="008">950116i18681911xxk                 eng d</marc:controlfield>
        <marc:datafield tag="035" ind1=" " ind2=" ">
            <marc:subfield code="a">31821785</marc:subfield>
        </marc:datafield>
        <marc:datafield tag="040" ind1=" " ind2=" ">
            <marc:subfield code="a">NDK</marc:subfield>
            <marc:subfield code="b">eng</marc:subfield>
            <marc:subfield code="c">NDK</marc:subfield>
            <marc:subfield code="d">OCLCG</marc:subfield>
            <marc:subfield code="d">OCLCQ</marc:subfield>
            <marc:subfield code="d">OCLCA</marc:subfield>
        </marc:datafield>
        <marc:datafield tag="049" ind1=" " ind2=" ">
            <marc:subfield code="a">NDDP</marc:subfield>
        </marc:datafield>
        <marc:datafield tag="100" ind1="1" ind2=" ">
            <marc:subfield code="a">Simpson, James Young,</marc:subfield>
            <marc:subfield code="d">1811-1870.</marc:subfield>
        </marc:datafield>
        <marc:datafield tag="245" ind1="1" ind2="0">
            <marc:subfield code="a">James Young Simpson letters,</marc:subfield>
            <marc:subfield code="f">1868-1911, and undated.</marc:subfield>
        </marc:datafield>
        <marc:datafield tag="300" ind1=" " ind2=" ">
            <marc:subfield code="a">106</marc:subfield>
            <marc:subfield code="f">items.</marc:subfield>
        </marc:datafield>
        <marc:datafield tag="545" ind1=" " ind2=" ">
            <marc:subfield code="a">Scottish obstetrician; introduced use of chloroform.</marc:subfield>
        </marc:datafield>
        <marc:datafield tag="520" ind1="8" ind2=" ">
            <marc:subfield code="a">92 ms. leaves of Simpson's notes on obstetrics, H.A. Kelly's description of contents of notes, 6 items printed material, 4 ALS from Simpson, a holograph poem, a signed calling card, and ms notes on Simpson in Kelly's hand. In his letters, Simpson writes of acupressure, animal magnetism, smallpox, scarlet fever, classical education, the importance of physical exercise and electoral politics. Printed material relates to members of the Simpson family, including Alexander Russell Simpson and Margaret Stewart Barbour. In his notes, Simpson writes of diseases of the placenta and the fetus, of pregnancies, abortions and premature labor, and of the use of collyria in the treatment of eye diseases.</marc:subfield>
        </marc:datafield>
        <marc:datafield tag="520" ind1="8" ind2=" ">
            <marc:subfield code="a">3 ALS. Only named correspondent is a Mr. Hutchison. Letters reflect Simpson's wide range of interests. He urges measures to stamp out' smallpox and scarlet fever; refers correspondent to Mr. Farrar's lecture on classical education, presented at the Royal Institution; stresses the importance of physical exercise for the student, Miss Campbell of St. Margaret's College; and discusses the electoral prospects of a Liberal candidate, Mr. Pender.</marc:subfield>
        </marc:datafield>
        <marc:datafield tag="541" ind1=" " ind2=" ">
            <marc:subfield code="a">Winifred A. Myers;</marc:subfield>
            <marc:subfield code="c">purchase;</marc:subfield>
            <marc:subfield code="d">1970.</marc:subfield>
        </marc:datafield>
        <marc:datafield tag="500" ind1=" " ind2=" ">
            <marc:subfield code="a">Forms part of the Trent Manuscripts Collection.</marc:subfield>
        </marc:datafield>
        <marc:datafield tag="710" ind1="2" ind2=" ">
            <marc:subfield code="a">History of Medicine Collections (Duke University)</marc:subfield>
        </marc:datafield>
    </marc:record>