
    <marc:record>
        <marc:leader>01115cpcaa2200193Ia 4500</marc:leader>
        <marc:controlfield tag="001">002169677</marc:controlfield>
        <marc:controlfield tag="005">20141204101648.0</marc:controlfield>
        <marc:controlfield tag="008">941219k18701897xx                  eng d</marc:controlfield>
        <marc:datafield tag="035" ind1=" " ind2=" ">
            <marc:subfield code="a">31715237</marc:subfield>
        </marc:datafield>
        <marc:datafield tag="040" ind1=" " ind2=" ">
            <marc:subfield code="a">NDK</marc:subfield>
            <marc:subfield code="b">eng</marc:subfield>
            <marc:subfield code="c">NDK</marc:subfield>
            <marc:subfield code="d">OCL</marc:subfield>
            <marc:subfield code="d">OCLCG</marc:subfield>
            <marc:subfield code="d">OCLCQ</marc:subfield>
        </marc:datafield>
        <marc:datafield tag="049" ind1=" " ind2=" ">
            <marc:subfield code="a">NDDP</marc:subfield>
        </marc:datafield>
        <marc:datafield tag="100" ind1="1" ind2=" ">
            <marc:subfield code="a">Nightingale, Florence,</marc:subfield>
            <marc:subfield code="d">1820-1910.</marc:subfield>
        </marc:datafield>
        <marc:datafield tag="245" ind1="1" ind2="0">
            <marc:subfield code="a">Florence Nightingale papers,</marc:subfield>
            <marc:subfield code="f">1870-1941 and undated, [bulk 1870-1897].</marc:subfield>
        </marc:datafield>
        <marc:datafield tag="300" ind1=" " ind2=" ">
            <marc:subfield code="a">14</marc:subfield>
            <marc:subfield code="f">items.</marc:subfield>
        </marc:datafield>
        <marc:datafield tag="545" ind1=" " ind2=" ">
            <marc:subfield code="a">British nurse.</marc:subfield>
        </marc:datafield>
        <marc:datafield tag="520" ind1="8" ind2=" ">
            <marc:subfield code="a">Papers include letters to William Howell Reed, thanking him for the gift of his Hospital life in the Army of the Potomac; to Lady Marian Alford, relating to the Lord Stratford de Redcliffe Memorial Fund; and a series of personal and very affectionate letters to Miss A.P. Lemon, later Mrs. L. Roscoria, a colleague and personal friend, regarding her health, as well as the illness of her mother, and affairs of the hospital. Other items are newspaper clippings about Nightingale and a postcard bearing her portrait.</marc:subfield>
        </marc:datafield>
        <marc:datafield tag="541" ind1=" " ind2=" ">
            <marc:subfield code="a">Source unknown.</marc:subfield>
        </marc:datafield>
        <marc:datafield tag="500" ind1=" " ind2=" ">
            <marc:subfield code="a">Forms part of the Trent Manuscripts Collection.</marc:subfield>
        </marc:datafield>
        <marc:datafield tag="710" ind1="2" ind2=" ">
            <marc:subfield code="a">History of Medicine Collections (Duke University)</marc:subfield>
        </marc:datafield>
    </marc:record>