
    <marc:record>
        <marc:leader>01086cpcaa2200229Ia 4500</marc:leader>
        <marc:controlfield tag="001">002137081</marc:controlfield>
        <marc:controlfield tag="005">20141204101513.0</marc:controlfield>
        <marc:controlfield tag="008">960711i18781882nyu                 eng d</marc:controlfield>
        <marc:datafield tag="035" ind1=" " ind2=" ">
            <marc:subfield code="a">35067669</marc:subfield>
        </marc:datafield>
        <marc:datafield tag="040" ind1=" " ind2=" ">
            <marc:subfield code="a">NDK</marc:subfield>
            <marc:subfield code="b">eng</marc:subfield>
            <marc:subfield code="c">NDK</marc:subfield>
            <marc:subfield code="d">OCL</marc:subfield>
            <marc:subfield code="d">OCLCG</marc:subfield>
            <marc:subfield code="d">OCLCQ</marc:subfield>
            <marc:subfield code="d">OCLCA</marc:subfield>
            <marc:subfield code="d">NDD</marc:subfield>
        </marc:datafield>
        <marc:datafield tag="043" ind1=" " ind2=" ">
            <marc:subfield code="a">n-us---</marc:subfield>
        </marc:datafield>
        <marc:datafield tag="049" ind1=" " ind2=" ">
            <marc:subfield code="a">NDDP</marc:subfield>
        </marc:datafield>
        <marc:datafield tag="100" ind1="1" ind2=" ">
            <marc:subfield code="a">Thomas, T. Gaillard</marc:subfield>
            <marc:subfield code="q">(Theodore Gaillard),</marc:subfield>
            <marc:subfield code="d">1832-1903.</marc:subfield>
        </marc:datafield>
        <marc:datafield tag="245" ind1="1" ind2="0">
            <marc:subfield code="a">T. Gaillard Thomas papers,</marc:subfield>
            <marc:subfield code="f">ca. 1878 to 1882.</marc:subfield>
        </marc:datafield>
        <marc:datafield tag="300" ind1=" " ind2=" ">
            <marc:subfield code="a">6</marc:subfield>
            <marc:subfield code="f">items.</marc:subfield>
        </marc:datafield>
        <marc:datafield tag="545" ind1=" " ind2=" ">
            <marc:subfield code="a">New York obstetrician and gynecologist.</marc:subfield>
        </marc:datafield>
        <marc:datafield tag="520" ind1="8" ind2=" ">
            <marc:subfield code="a">ALS and manuscript, signed. Letters from Thomas to Robert P. Harris, of Philadelphia, statistician of cases of Ceasarean section and extra-uterine pregnacy in New York City and its environs. Manuscript, signed, appears to be a questionnaire sent by Harris and filled out by Thomas on a case of gastro-hysterotomy.</marc:subfield>
        </marc:datafield>
        <marc:datafield tag="541" ind1=" " ind2=" ">
            <marc:subfield code="a">Source unknown.</marc:subfield>
        </marc:datafield>
        <marc:datafield tag="500" ind1=" " ind2=" ">
            <marc:subfield code="a">Forms part of the Trent Manuscripts Collection.</marc:subfield>
        </marc:datafield>
        <marc:datafield tag="650" ind1=" " ind2="2">
            <marc:subfield code="a">Gynecology</marc:subfield>
            <marc:subfield code="z">United States</marc:subfield>
            <marc:subfield code="x">History.</marc:subfield>
        </marc:datafield>
        <marc:datafield tag="700" ind1="1" ind2=" ">
            <marc:subfield code="a">Harris, Robert P.</marc:subfield>
            <marc:subfield code="q">(Robert Patterson),</marc:subfield>
            <marc:subfield code="d">1822-1899.</marc:subfield>
        </marc:datafield>
        <marc:datafield tag="710" ind1="2" ind2=" ">
            <marc:subfield code="a">History of Medicine Collections (Duke University)</marc:subfield>
        </marc:datafield>
    </marc:record>