
    <marc:record>
        <marc:leader>01097cpcaa2200205Ia 4500</marc:leader>
        <marc:controlfield tag="001">002164545</marc:controlfield>
        <marc:controlfield tag="005">20141204101645.0</marc:controlfield>
        <marc:controlfield tag="008">960823i18791879nyu                 eng d</marc:controlfield>
        <marc:datafield tag="035" ind1=" " ind2=" ">
            <marc:subfield code="a">35297932</marc:subfield>
        </marc:datafield>
        <marc:datafield tag="040" ind1=" " ind2=" ">
            <marc:subfield code="a">NDK</marc:subfield>
            <marc:subfield code="b">eng</marc:subfield>
            <marc:subfield code="c">NDK</marc:subfield>
            <marc:subfield code="d">OCLCG</marc:subfield>
            <marc:subfield code="d">OCLCQ</marc:subfield>
        </marc:datafield>
        <marc:datafield tag="049" ind1=" " ind2=" ">
            <marc:subfield code="a">NDDP</marc:subfield>
        </marc:datafield>
        <marc:datafield tag="100" ind1="1" ind2=" ">
            <marc:subfield code="a">Ordronaux, John,</marc:subfield>
            <marc:subfield code="d">1830-1908.</marc:subfield>
        </marc:datafield>
        <marc:datafield tag="245" ind1="1" ind2="0">
            <marc:subfield code="a">John Ordronaux papers,</marc:subfield>
            <marc:subfield code="f">1879, Mar. 27, Mar. 31 and Apr. 11 :</marc:subfield>
            <marc:subfield code="b">New York.</marc:subfield>
        </marc:datafield>
        <marc:datafield tag="300" ind1=" " ind2=" ">
            <marc:subfield code="a">3</marc:subfield>
            <marc:subfield code="f">items.</marc:subfield>
        </marc:datafield>
        <marc:datafield tag="545" ind1=" " ind2=" ">
            <marc:subfield code="a">Physician and lawyer of New York.</marc:subfield>
        </marc:datafield>
        <marc:datafield tag="520" ind1="8" ind2=" ">
            <marc:subfield code="a">2 ALS and a newspaper clipping. Ordronaux, then State Commissioner in Lunacy, writes to William Fairfield Warren, president of Boston University, that he must postpone his lectures in law at Boston University. He attaches a newspaper clipping which relates that a report critical of the management of the State Lunatic Asylum had been presented, but that the signatures of the doctors presenting the report had apparently been forged.</marc:subfield>
        </marc:datafield>
        <marc:datafield tag="541" ind1=" " ind2=" ">
            <marc:subfield code="a">Source unknown.</marc:subfield>
        </marc:datafield>
        <marc:datafield tag="500" ind1=" " ind2=" ">
            <marc:subfield code="a">Forms part of the Trent Manuscripts Collection.</marc:subfield>
        </marc:datafield>
        <marc:datafield tag="700" ind1="1" ind2=" ">
            <marc:subfield code="a">Warren, William Fairfield,</marc:subfield>
            <marc:subfield code="d">1833-1929.</marc:subfield>
        </marc:datafield>
        <marc:datafield tag="710" ind1="2" ind2=" ">
            <marc:subfield code="a">History of Medicine Collections (Duke University)</marc:subfield>
        </marc:datafield>
    </marc:record>