
    <marc:record>
        <marc:leader>01265cpc a2200265Ia 4500</marc:leader>
        <marc:controlfield tag="001">002132145</marc:controlfield>
        <marc:controlfield tag="005">20141204101851.0</marc:controlfield>
        <marc:controlfield tag="008">960628i18821883xxu                 eng d</marc:controlfield>
        <marc:datafield tag="035" ind1=" " ind2=" ">
            <marc:subfield code="a">35005190</marc:subfield>
        </marc:datafield>
        <marc:datafield tag="040" ind1=" " ind2=" ">
            <marc:subfield code="a">NDK</marc:subfield>
            <marc:subfield code="b">eng</marc:subfield>
            <marc:subfield code="c">NDK</marc:subfield>
            <marc:subfield code="d">OCLCQ</marc:subfield>
            <marc:subfield code="d">OCLCG</marc:subfield>
            <marc:subfield code="d">NDD</marc:subfield>
            <marc:subfield code="d">OCLCQ</marc:subfield>
        </marc:datafield>
        <marc:datafield tag="049" ind1=" " ind2=" ">
            <marc:subfield code="a">NDDP</marc:subfield>
        </marc:datafield>
        <marc:datafield tag="100" ind1="1" ind2=" ">
            <marc:subfield code="a">Christie, Samuel A.</marc:subfield>
        </marc:datafield>
        <marc:datafield tag="245" ind1="1" ind2="0">
            <marc:subfield code="a">Samuel A. Christie Papers,</marc:subfield>
            <marc:subfield code="f">1882-1883 and undated.</marc:subfield>
        </marc:datafield>
        <marc:datafield tag="300" ind1=" " ind2=" ">
            <marc:subfield code="a">8</marc:subfield>
            <marc:subfield code="f">items.</marc:subfield>
        </marc:datafield>
        <marc:datafield tag="500" ind1=" " ind2=" ">
            <marc:subfield code="a">Forms part of the Trent Manuscripts Collection.</marc:subfield>
        </marc:datafield>
        <marc:datafield tag="520" ind1="8" ind2=" ">
            <marc:subfield code="a">2 letters (ALS) and 5 calling cards, signed. Samuel A. Christie's collection of the autographs of the physicians who attended President James A. Garfield after he was shot, between July 2 and Sept. 2, 1881. These included David H. Agnew, Frank Hastings Hamilton, Joseph K. Barnes, D.W. Bliss and Robert Reyburn. Correspondence from Hamilton and from a S.A. Boynton relate to this collection.</marc:subfield>
        </marc:datafield>
        <marc:datafield tag="541" ind1=" " ind2=" ">
            <marc:subfield code="a">Source unknown.</marc:subfield>
        </marc:datafield>
        <marc:datafield tag="600" ind1="1" ind2="0">
            <marc:subfield code="a">Christie, Samuel A.</marc:subfield>
        </marc:datafield>
        <marc:datafield tag="600" ind1="1" ind2="2">
            <marc:subfield code="a">Garfield, James A.</marc:subfield>
            <marc:subfield code="q">(James Abram),</marc:subfield>
            <marc:subfield code="d">1831-1881.</marc:subfield>
        </marc:datafield>
        <marc:datafield tag="700" ind1="1" ind2=" ">
            <marc:subfield code="a">Agnew, D. Hayes</marc:subfield>
            <marc:subfield code="q">(David Hayes),</marc:subfield>
            <marc:subfield code="d">1818-1892.</marc:subfield>
        </marc:datafield>
        <marc:datafield tag="700" ind1="1" ind2=" ">
            <marc:subfield code="a">Hamilton, Frank Hastings,</marc:subfield>
            <marc:subfield code="d">1813-1886.</marc:subfield>
        </marc:datafield>
        <marc:datafield tag="700" ind1="1" ind2=" ">
            <marc:subfield code="a">Barnes, Joseph K.,</marc:subfield>
            <marc:subfield code="d">1817-1883.</marc:subfield>
        </marc:datafield>
        <marc:datafield tag="700" ind1="1" ind2=" ">
            <marc:subfield code="a">Bliss, D. W.</marc:subfield>
        </marc:datafield>
        <marc:datafield tag="700" ind1="1" ind2=" ">
            <marc:subfield code="a">Reyburn, Robert,</marc:subfield>
            <marc:subfield code="d">1833-1904.</marc:subfield>
        </marc:datafield>
        <marc:datafield tag="710" ind1="2" ind2=" ">
            <marc:subfield code="a">History of Medicine Collections (Duke University)</marc:subfield>
        </marc:datafield>
    </marc:record>