
    <marc:record>
        <marc:leader>01108cpcaa2200241Ka 4500</marc:leader>
        <marc:controlfield tag="001">004185772</marc:controlfield>
        <marc:controlfield tag="005">20141204101850.0</marc:controlfield>
        <marc:controlfield tag="008">090709s1886    xx                  eng d</marc:controlfield>
        <marc:datafield tag="035" ind1=" " ind2=" ">
            <marc:subfield code="a">423365710</marc:subfield>
        </marc:datafield>
        <marc:datafield tag="040" ind1=" " ind2=" ">
            <marc:subfield code="a">NDK</marc:subfield>
            <marc:subfield code="b">eng</marc:subfield>
            <marc:subfield code="c">NDK</marc:subfield>
            <marc:subfield code="d">NDD</marc:subfield>
            <marc:subfield code="d">OCLCQ</marc:subfield>
            <marc:subfield code="d">OCLCO</marc:subfield>
            <marc:subfield code="d">OCLCF</marc:subfield>
        </marc:datafield>
        <marc:datafield tag="049" ind1=" " ind2=" ">
            <marc:subfield code="a">NDDP</marc:subfield>
        </marc:datafield>
        <marc:datafield tag="100" ind1="1" ind2=" ">
            <marc:subfield code="a">Child, Theodore,</marc:subfield>
            <marc:subfield code="d">1846-1892.</marc:subfield>
        </marc:datafield>
        <marc:datafield tag="245" ind1="1" ind2="0">
            <marc:subfield code="a">Theodore Child letter,</marc:subfield>
            <marc:subfield code="f">[18]86, Jun. 4 :</marc:subfield>
            <marc:subfield code="b">to Samuel Putnam Avery.</marc:subfield>
        </marc:datafield>
        <marc:datafield tag="300" ind1=" " ind2=" ">
            <marc:subfield code="a">1 item ;</marc:subfield>
            <marc:subfield code="c">11 x 13 cm</marc:subfield>
        </marc:datafield>
        <marc:datafield tag="500" ind1=" " ind2=" ">
            <marc:subfield code="a">Forms part of the Trent Manuscripts Collection.</marc:subfield>
        </marc:datafield>
        <marc:datafield tag="520" ind1=" " ind2=" ">
            <marc:subfield code="a">The letter from Theodore Child to Samuel Putnam Avery refers to acquisition of Grolier-bound volume now in the Trent Collection at Duke University Medical Center Library: Benedetti's Anatomice, 1527.</marc:subfield>
        </marc:datafield>
        <marc:datafield tag="600" ind1="1" ind2="0">
            <marc:subfield code="a">Child, Theodore,</marc:subfield>
            <marc:subfield code="d">1846-1892.</marc:subfield>
        </marc:datafield>
        <marc:datafield tag="600" ind1="1" ind2="7">
            <marc:subfield code="a">Child, Theodore,</marc:subfield>
            <marc:subfield code="d">1846-1892.</marc:subfield>
            <marc:subfield code="2">fast</marc:subfield>
            <marc:subfield code="0">(OCoLC)fst01499008</marc:subfield>
        </marc:datafield>
        <marc:datafield tag="700" ind1="1" ind2=" ">
            <marc:subfield code="a">Grolier, Jean,</marc:subfield>
            <marc:subfield code="d">1479-1565.</marc:subfield>
        </marc:datafield>
        <marc:datafield tag="700" ind1="1" ind2=" ">
            <marc:subfield code="a">Avery, Samuel Putnam,</marc:subfield>
            <marc:subfield code="d">1822-1904.</marc:subfield>
        </marc:datafield>
        <marc:datafield tag="700" ind1="1" ind2=" ">
            <marc:subfield code="a">Benedetti, Alessandro,</marc:subfield>
            <marc:subfield code="d">approximately 1450-1512.</marc:subfield>
            <marc:subfield code="t">Anatomice.</marc:subfield>
        </marc:datafield>
        <marc:datafield tag="710" ind1="2" ind2=" ">
            <marc:subfield code="a">Duke University.</marc:subfield>
            <marc:subfield code="b">Medical Center.</marc:subfield>
            <marc:subfield code="b">Library.</marc:subfield>
            <marc:subfield code="b">Trent Collection.</marc:subfield>
        </marc:datafield>
        <marc:datafield tag="710" ind1="2" ind2=" ">
            <marc:subfield code="a">History of Medicine Collections (Duke University)</marc:subfield>
        </marc:datafield>
    </marc:record>