
    <marc:record>
        <marc:leader>00744cpcaa2200193Ia 4500</marc:leader>
        <marc:controlfield tag="001">002133843</marc:controlfield>
        <marc:controlfield tag="005">20141204101835.0</marc:controlfield>
        <marc:controlfield tag="008">960628s1886    nyu                 eng d</marc:controlfield>
        <marc:datafield tag="035" ind1=" " ind2=" ">
            <marc:subfield code="a">35007151</marc:subfield>
        </marc:datafield>
        <marc:datafield tag="040" ind1=" " ind2=" ">
            <marc:subfield code="a">NDK</marc:subfield>
            <marc:subfield code="b">eng</marc:subfield>
            <marc:subfield code="c">NDK</marc:subfield>
            <marc:subfield code="d">OCLCQ</marc:subfield>
            <marc:subfield code="d">OCLCG</marc:subfield>
            <marc:subfield code="d">OCLCQ</marc:subfield>
        </marc:datafield>
        <marc:datafield tag="049" ind1=" " ind2=" ">
            <marc:subfield code="a">NDDP</marc:subfield>
        </marc:datafield>
        <marc:datafield tag="100" ind1="1" ind2=" ">
            <marc:subfield code="a">Curtis, H. Holbrook</marc:subfield>
            <marc:subfield code="q">(Henry Holbrook),</marc:subfield>
            <marc:subfield code="d">1856-1920.</marc:subfield>
        </marc:datafield>
        <marc:datafield tag="245" ind1="1" ind2="0">
            <marc:subfield code="a">H. Holbrook Curtis letter,</marc:subfield>
            <marc:subfield code="f">1886, June 9 :</marc:subfield>
            <marc:subfield code="b">New York, New York, to Mr. Field, Boston Museum.</marc:subfield>
        </marc:datafield>
        <marc:datafield tag="300" ind1=" " ind2=" ">
            <marc:subfield code="a">1</marc:subfield>
            <marc:subfield code="f">item.</marc:subfield>
        </marc:datafield>
        <marc:datafield tag="545" ind1=" " ind2=" ">
            <marc:subfield code="a">Laryngologist of New York.</marc:subfield>
        </marc:datafield>
        <marc:datafield tag="520" ind1="8" ind2=" ">
            <marc:subfield code="a">ALS. Certifies that a Miss Alice Vincent will not be able to sing due to &quot;flayed vocal cords.&quot;</marc:subfield>
        </marc:datafield>
        <marc:datafield tag="541" ind1=" " ind2=" ">
            <marc:subfield code="a">Source unknown.</marc:subfield>
        </marc:datafield>
        <marc:datafield tag="500" ind1=" " ind2=" ">
            <marc:subfield code="a">Forms part of the Trent Manuscripts Collection.</marc:subfield>
        </marc:datafield>
        <marc:datafield tag="710" ind1="2" ind2=" ">
            <marc:subfield code="a">History of Medicine Collections (Duke University)</marc:subfield>
        </marc:datafield>
    </marc:record>