
    <marc:record>
        <marc:leader>01007cpcaa2200193Ia 4500</marc:leader>
        <marc:controlfield tag="001">001646080</marc:controlfield>
        <marc:controlfield tag="005">20141204101827.0</marc:controlfield>
        <marc:controlfield tag="008">941212s1887    fr                  fre d</marc:controlfield>
        <marc:datafield tag="035" ind1=" " ind2=" ">
            <marc:subfield code="a">31673993</marc:subfield>
        </marc:datafield>
        <marc:datafield tag="040" ind1=" " ind2=" ">
            <marc:subfield code="a">NDK</marc:subfield>
            <marc:subfield code="b">eng</marc:subfield>
            <marc:subfield code="c">NDK</marc:subfield>
            <marc:subfield code="d">OCLCQ</marc:subfield>
        </marc:datafield>
        <marc:datafield tag="049" ind1=" " ind2=" ">
            <marc:subfield code="a">NDDP</marc:subfield>
        </marc:datafield>
        <marc:datafield tag="100" ind1="1" ind2=" ">
            <marc:subfield code="a">Dreys, Laure.</marc:subfield>
        </marc:datafield>
        <marc:datafield tag="245" ind1="1" ind2="0">
            <marc:subfield code="a">Laure Dreys letter,</marc:subfield>
            <marc:subfield code="f">1887, Jan. 22 :</marc:subfield>
            <marc:subfield code="b">Paris, to Dr. Blanche, Auteuil.</marc:subfield>
        </marc:datafield>
        <marc:datafield tag="300" ind1=" " ind2=" ">
            <marc:subfield code="a">1</marc:subfield>
            <marc:subfield code="f">item.</marc:subfield>
        </marc:datafield>
        <marc:datafield tag="520" ind1="8" ind2=" ">
            <marc:subfield code="a">ALS. Relates the circumstances of Dreys' visit to Paris, namely the death of his sister, widow of Dr. Alphonse Sanson. Informs Blanche of a visit to M. Kaempfen in Paris. Asks Blanche to convey his gratitude to &quot;le Directeur&quot; for granting him leave to attend to the funeral. The letter also bears an ANS, dated 1887. Jan. 22, from E. Blanche, Auteuil, to &quot;confrere et ami&quot;, presumably forwarding Dreys' letter to &quot;le Directeur.&quot;</marc:subfield>
        </marc:datafield>
        <marc:datafield tag="541" ind1=" " ind2=" ">
            <marc:subfield code="a">Source unknown.</marc:subfield>
        </marc:datafield>
        <marc:datafield tag="500" ind1=" " ind2=" ">
            <marc:subfield code="a">Forms part of the Trent Manuscripts Collection.</marc:subfield>
        </marc:datafield>
        <marc:datafield tag="600" ind1="1" ind2="2">
            <marc:subfield code="a">Sanson, Alphonse,</marc:subfield>
            <marc:subfield code="d">1795-1873.</marc:subfield>
        </marc:datafield>
        <marc:datafield tag="710" ind1="2" ind2=" ">
            <marc:subfield code="a">History of Medicine Collections (Duke University)</marc:subfield>
        </marc:datafield>
    </marc:record>