
    <marc:record>
        <marc:leader>01173cpcaa2200217Ia 4500</marc:leader>
        <marc:controlfield tag="001">001636224</marc:controlfield>
        <marc:controlfield tag="005">20141204101830.0</marc:controlfield>
        <marc:controlfield tag="008">941205s1897    be                  fre d</marc:controlfield>
        <marc:datafield tag="035" ind1=" " ind2=" ">
            <marc:subfield code="a">31614418</marc:subfield>
        </marc:datafield>
        <marc:datafield tag="040" ind1=" " ind2=" ">
            <marc:subfield code="a">NDK</marc:subfield>
            <marc:subfield code="b">eng</marc:subfield>
            <marc:subfield code="c">NDK</marc:subfield>
            <marc:subfield code="d">OCLCQ</marc:subfield>
        </marc:datafield>
        <marc:datafield tag="049" ind1=" " ind2=" ">
            <marc:subfield code="a">NDDP</marc:subfield>
        </marc:datafield>
        <marc:datafield tag="100" ind1="1" ind2=" ">
            <marc:subfield code="a">De Fere, J.</marc:subfield>
        </marc:datafield>
        <marc:datafield tag="245" ind1="1" ind2="0">
            <marc:subfield code="a">J. De Fere document,</marc:subfield>
            <marc:subfield code="f">1897, Apr. 17 :</marc:subfield>
            <marc:subfield code="b">Malines, Belgium, to Dr. Louveaux.</marc:subfield>
        </marc:datafield>
        <marc:datafield tag="300" ind1=" " ind2=" ">
            <marc:subfield code="a">1</marc:subfield>
            <marc:subfield code="f">item.</marc:subfield>
        </marc:datafield>
        <marc:datafield tag="520" ind1="8" ind2=" ">
            <marc:subfield code="a">DS. De Fere, writing as &quot;le Secretaire de Milice&quot; requests that Louveaux sign and return three attached statements of health. Verso of document bears an undated draft of a letter by an unidentified physician, who, in spite of patient's consent, refuses to comply with a medical insurance company's request for the patient's medical history. The writer cites &quot;le loi du secret medical&quot; as upheld by &quot;l'Association generale des medecins de France&quot;, which prohibits the release of patients' medical histories to medical insurance companies.</marc:subfield>
        </marc:datafield>
        <marc:datafield tag="541" ind1=" " ind2=" ">
            <marc:subfield code="a">Source unknown.</marc:subfield>
        </marc:datafield>
        <marc:datafield tag="500" ind1=" " ind2=" ">
            <marc:subfield code="a">Forms part of the Trent Manuscripts Collection.</marc:subfield>
        </marc:datafield>
        <marc:datafield tag="650" ind1=" " ind2="2">
            <marc:subfield code="a">Confidentiality.</marc:subfield>
        </marc:datafield>
        <marc:datafield tag="650" ind1=" " ind2="2">
            <marc:subfield code="a">Ethics, Medical.</marc:subfield>
        </marc:datafield>
        <marc:datafield tag="650" ind1=" " ind2="2">
            <marc:subfield code="a">Insurance, Health.</marc:subfield>
        </marc:datafield>
        <marc:datafield tag="710" ind1="2" ind2=" ">
            <marc:subfield code="a">History of Medicine Collections (Duke University)</marc:subfield>
        </marc:datafield>
    </marc:record>