
    <marc:record>
        <marc:leader>01079cpcaa2200217Ia 4500</marc:leader>
        <marc:controlfield tag="001">001650921</marc:controlfield>
        <marc:controlfield tag="005">20141204101704.0</marc:controlfield>
        <marc:controlfield tag="008">941216i19011907xxu                 eng d</marc:controlfield>
        <marc:datafield tag="035" ind1=" " ind2=" ">
            <marc:subfield code="a">31704354</marc:subfield>
        </marc:datafield>
        <marc:datafield tag="040" ind1=" " ind2=" ">
            <marc:subfield code="a">NDK</marc:subfield>
            <marc:subfield code="b">eng</marc:subfield>
            <marc:subfield code="c">NDK</marc:subfield>
            <marc:subfield code="d">OCLCG</marc:subfield>
            <marc:subfield code="d">OCLCQ</marc:subfield>
        </marc:datafield>
        <marc:datafield tag="049" ind1=" " ind2=" ">
            <marc:subfield code="a">NDDP</marc:subfield>
        </marc:datafield>
        <marc:datafield tag="100" ind1="1" ind2=" ">
            <marc:subfield code="a">McKinley, Ida Saxton,</marc:subfield>
            <marc:subfield code="d">1847-1907.</marc:subfield>
        </marc:datafield>
        <marc:datafield tag="245" ind1="1" ind2="0">
            <marc:subfield code="a">Ida Saxton McKinley letters,</marc:subfield>
            <marc:subfield code="f">1901, 1907 :</marc:subfield>
            <marc:subfield code="b">to Dr. Mitchell.</marc:subfield>
        </marc:datafield>
        <marc:datafield tag="300" ind1=" " ind2=" ">
            <marc:subfield code="a">2</marc:subfield>
            <marc:subfield code="f">items.</marc:subfield>
        </marc:datafield>
        <marc:datafield tag="545" ind1=" " ind2=" ">
            <marc:subfield code="a">Wife of President William McKinley.</marc:subfield>
        </marc:datafield>
        <marc:datafield tag="520" ind1="8" ind2=" ">
            <marc:subfield code="a">LS. Personal letters by Ms. McKinley to her former doctor, S. Weir Mitchell. In the first letter, written before her husband's assassination, she thanks Mitchell for a copy of his book &quot;Hugh Wynne&quot;. In the second, she hopes that Mitchell will be able to visit Canton, Ohio, for the dedication of a memorial to her husband.</marc:subfield>
        </marc:datafield>
        <marc:datafield tag="541" ind1=" " ind2=" ">
            <marc:subfield code="a">Hildegard Ryals;</marc:subfield>
            <marc:subfield code="c">purchase;</marc:subfield>
            <marc:subfield code="d">1988.</marc:subfield>
        </marc:datafield>
        <marc:datafield tag="500" ind1=" " ind2=" ">
            <marc:subfield code="a">Forms part of the Trent Manuscripts Collection.</marc:subfield>
        </marc:datafield>
        <marc:datafield tag="600" ind1="1" ind2="2">
            <marc:subfield code="a">Mitchell, S. Weir</marc:subfield>
            <marc:subfield code="q">(Silas Weir),</marc:subfield>
            <marc:subfield code="d">1829-1914.</marc:subfield>
            <marc:subfield code="t">Hugh Wynne, free Quaker.</marc:subfield>
        </marc:datafield>
        <marc:datafield tag="600" ind1="1" ind2="2">
            <marc:subfield code="a">McKinley, William,</marc:subfield>
            <marc:subfield code="d">1843-1901.</marc:subfield>
        </marc:datafield>
        <marc:datafield tag="710" ind1="2" ind2=" ">
            <marc:subfield code="a">History of Medicine Collections (Duke University)</marc:subfield>
        </marc:datafield>
    </marc:record>