
    <marc:record>
        <marc:leader>00894cpcaa2200193Ia 4500</marc:leader>
        <marc:controlfield tag="001">002164543</marc:controlfield>
        <marc:controlfield tag="005">20141204101546.0</marc:controlfield>
        <marc:controlfield tag="008">960823i19081926fr                  fre d</marc:controlfield>
        <marc:datafield tag="035" ind1=" " ind2=" ">
            <marc:subfield code="a">35297907</marc:subfield>
        </marc:datafield>
        <marc:datafield tag="040" ind1=" " ind2=" ">
            <marc:subfield code="a">NDK</marc:subfield>
            <marc:subfield code="b">eng</marc:subfield>
            <marc:subfield code="c">NDK</marc:subfield>
            <marc:subfield code="d">OCLCG</marc:subfield>
            <marc:subfield code="d">OCLCQ</marc:subfield>
        </marc:datafield>
        <marc:datafield tag="049" ind1=" " ind2=" ">
            <marc:subfield code="a">NDDP</marc:subfield>
        </marc:datafield>
        <marc:datafield tag="100" ind1="1" ind2=" ">
            <marc:subfield code="a">Roux,</marc:subfield>
            <marc:subfield code="c">Monsieur</marc:subfield>
            <marc:subfield code="q">(Emile),</marc:subfield>
            <marc:subfield code="d">1853-1933.</marc:subfield>
        </marc:datafield>
        <marc:datafield tag="245" ind1="1" ind2="0">
            <marc:subfield code="a">Monsieur Emile Roux papers,</marc:subfield>
            <marc:subfield code="f">1908-1926 and undated :</marc:subfield>
            <marc:subfield code="b">[Paris].</marc:subfield>
        </marc:datafield>
        <marc:datafield tag="300" ind1=" " ind2=" ">
            <marc:subfield code="a">4</marc:subfield>
            <marc:subfield code="f">items.</marc:subfield>
        </marc:datafield>
        <marc:datafield tag="545" ind1=" " ind2=" ">
            <marc:subfield code="a">French bacteriologist and director of the Pasteur Institute, Paris.</marc:subfield>
        </marc:datafield>
        <marc:datafield tag="520" ind1="8" ind2=" ">
            <marc:subfield code="a">Two letters and an autograph manuscript, signed, convey Roux's suspicions that the removal of Dr. Remlinger, the French head of the Constantinople branch of the Pasteur Institute, was due to German intrigue. There is also a note to M. Ernst Fritz Katz.</marc:subfield>
        </marc:datafield>
        <marc:datafield tag="541" ind1=" " ind2=" ">
            <marc:subfield code="a">Source unknown.</marc:subfield>
        </marc:datafield>
        <marc:datafield tag="500" ind1=" " ind2=" ">
            <marc:subfield code="a">Forms part of the Trent Manuscripts Collection.</marc:subfield>
        </marc:datafield>
        <marc:datafield tag="710" ind1="2" ind2=" ">
            <marc:subfield code="a">History of Medicine Collections (Duke University)</marc:subfield>
        </marc:datafield>
    </marc:record>