
    <marc:record>
        <marc:leader>01015cpcaa2200229Ia 4500</marc:leader>
        <marc:controlfield tag="001">001618144</marc:controlfield>
        <marc:controlfield tag="005">20141204101835.0</marc:controlfield>
        <marc:controlfield tag="008">941111i19231930vp                  eng d</marc:controlfield>
        <marc:datafield tag="035" ind1=" " ind2=" ">
            <marc:subfield code="a">31445475</marc:subfield>
        </marc:datafield>
        <marc:datafield tag="040" ind1=" " ind2=" ">
            <marc:subfield code="a">NDK</marc:subfield>
            <marc:subfield code="b">eng</marc:subfield>
            <marc:subfield code="c">NDK</marc:subfield>
            <marc:subfield code="d">OCLCG</marc:subfield>
            <marc:subfield code="d">OCLCQ</marc:subfield>
        </marc:datafield>
        <marc:datafield tag="049" ind1=" " ind2=" ">
            <marc:subfield code="a">NDDP</marc:subfield>
        </marc:datafield>
        <marc:datafield tag="100" ind1="1" ind2=" ">
            <marc:subfield code="a">Crummer, Le Roy,</marc:subfield>
            <marc:subfield code="d">1872-1934.</marc:subfield>
        </marc:datafield>
        <marc:datafield tag="245" ind1="1" ind2="0">
            <marc:subfield code="a">Le Roy Crummer papers,</marc:subfield>
            <marc:subfield code="f">1923, 1926, 1930.</marc:subfield>
        </marc:datafield>
        <marc:datafield tag="300" ind1=" " ind2=" ">
            <marc:subfield code="a">4</marc:subfield>
            <marc:subfield code="f">items.</marc:subfield>
        </marc:datafield>
        <marc:datafield tag="545" ind1=" " ind2=" ">
            <marc:subfield code="a">U.S. physician, historian of medicine and collector of early medical books and manuscripts.</marc:subfield>
        </marc:datafield>
        <marc:datafield tag="520" ind1="8" ind2=" ">
            <marc:subfield code="a">2 TLS to Crummer, a typed copy of an excerpt of a paper, and a reprint of Crummer's paper, &quot;An original drawing of the title page of Vesalius' 'Fabrica'&quot;. Correspondents are Cushing and Spielmann.</marc:subfield>
        </marc:datafield>
        <marc:datafield tag="541" ind1=" " ind2=" ">
            <marc:subfield code="a">Source unknown.</marc:subfield>
        </marc:datafield>
        <marc:datafield tag="500" ind1=" " ind2=" ">
            <marc:subfield code="a">Forms part of the Trent Manuscripts Collection.</marc:subfield>
        </marc:datafield>
        <marc:datafield tag="600" ind1="1" ind2="2">
            <marc:subfield code="a">Cushing, Harvey,</marc:subfield>
            <marc:subfield code="d">1869-1939.</marc:subfield>
        </marc:datafield>
        <marc:datafield tag="600" ind1="1" ind2="2">
            <marc:subfield code="a">Spielmann, M. H.</marc:subfield>
            <marc:subfield code="q">(Marion Harry),</marc:subfield>
            <marc:subfield code="d">1858-1948.</marc:subfield>
        </marc:datafield>
        <marc:datafield tag="600" ind1="1" ind2="2">
            <marc:subfield code="a">Vesalius, Andreas,</marc:subfield>
            <marc:subfield code="d">1514-1564.</marc:subfield>
            <marc:subfield code="t">De humani corporis fabrica.</marc:subfield>
        </marc:datafield>
        <marc:datafield tag="710" ind1="2" ind2=" ">
            <marc:subfield code="a">History of Medicine Collections (Duke University)</marc:subfield>
        </marc:datafield>
    </marc:record>