
    <marc:record>
        <marc:leader>01359cpcaa2200277Ia 4500</marc:leader>
        <marc:controlfield tag="001">002164990</marc:controlfield>
        <marc:controlfield tag="005">20141204101520.0</marc:controlfield>
        <marc:controlfield tag="008">960904i19251925vp                  eng d</marc:controlfield>
        <marc:datafield tag="035" ind1=" " ind2=" ">
            <marc:subfield code="a">35359783</marc:subfield>
        </marc:datafield>
        <marc:datafield tag="040" ind1=" " ind2=" ">
            <marc:subfield code="a">NDK</marc:subfield>
            <marc:subfield code="b">eng</marc:subfield>
            <marc:subfield code="c">NDK</marc:subfield>
            <marc:subfield code="d">OCLCQ</marc:subfield>
            <marc:subfield code="d">OCLCG</marc:subfield>
            <marc:subfield code="d">OCLCQ</marc:subfield>
            <marc:subfield code="d">NDD</marc:subfield>
        </marc:datafield>
        <marc:datafield tag="049" ind1=" " ind2=" ">
            <marc:subfield code="a">NDDP</marc:subfield>
        </marc:datafield>
        <marc:datafield tag="100" ind1="1" ind2=" ">
            <marc:subfield code="a">Stirling-Gilchrist, J.</marc:subfield>
        </marc:datafield>
        <marc:datafield tag="245" ind1="1" ind2="0">
            <marc:subfield code="a">J. Stirling-Gilchrist papers,</marc:subfield>
            <marc:subfield code="f">1925, Apr.-Oct.</marc:subfield>
        </marc:datafield>
        <marc:datafield tag="300" ind1=" " ind2=" ">
            <marc:subfield code="a">2</marc:subfield>
            <marc:subfield code="f">items.</marc:subfield>
        </marc:datafield>
        <marc:datafield tag="545" ind1=" " ind2=" ">
            <marc:subfield code="a">British student of psychoanalysis.</marc:subfield>
        </marc:datafield>
        <marc:datafield tag="520" ind1="8" ind2=" ">
            <marc:subfield code="a">2 holograph manuscripts; clean copies, with some corrections. &quot;Visit to the Zurich School&quot; is a transcript (30 pp.) of interviews with members of the &quot;Zurich School&quot; of psychoanalysis, including C.G. Jung, Oskar Robert Pfister, Alphonse Maeder, Paul Federn, Emil Oberholzer and Eugen Bleuler. &quot;My analysis with Freud&quot; is a transcript (44 pp.) of 15 sittings with Sigmund Freud. Stirling-Gilchrist claims to be a student of W.H.R. Rivers.</marc:subfield>
        </marc:datafield>
        <marc:datafield tag="541" ind1=" " ind2=" ">
            <marc:subfield code="a">Source unknown.</marc:subfield>
        </marc:datafield>
        <marc:datafield tag="500" ind1=" " ind2=" ">
            <marc:subfield code="a">Forms part of the Trent Manuscripts Collection.</marc:subfield>
        </marc:datafield>
        <marc:datafield tag="600" ind1="1" ind2="2">
            <marc:subfield code="a">Rivers, W. H. R.</marc:subfield>
            <marc:subfield code="q">(William Halse Rivers),</marc:subfield>
            <marc:subfield code="d">1864-1922.</marc:subfield>
        </marc:datafield>
        <marc:datafield tag="700" ind1="1" ind2=" ">
            <marc:subfield code="a">Jung, C. G.</marc:subfield>
            <marc:subfield code="q">(Carl Gustav),</marc:subfield>
            <marc:subfield code="d">1875-1961.</marc:subfield>
        </marc:datafield>
        <marc:datafield tag="700" ind1="1" ind2=" ">
            <marc:subfield code="a">Pfister, Oskar,</marc:subfield>
            <marc:subfield code="d">1873-1956.</marc:subfield>
        </marc:datafield>
        <marc:datafield tag="700" ind1="1" ind2=" ">
            <marc:subfield code="a">Federn, Paul.</marc:subfield>
        </marc:datafield>
        <marc:datafield tag="700" ind1="1" ind2=" ">
            <marc:subfield code="a">Oberholzer, Emil,</marc:subfield>
            <marc:subfield code="d">b. 1883.</marc:subfield>
        </marc:datafield>
        <marc:datafield tag="700" ind1="1" ind2=" ">
            <marc:subfield code="a">Bleuler, Eugen,</marc:subfield>
            <marc:subfield code="d">1857-1939.</marc:subfield>
        </marc:datafield>
        <marc:datafield tag="700" ind1="1" ind2=" ">
            <marc:subfield code="a">Freud, Sigmund,</marc:subfield>
            <marc:subfield code="d">1856-1939.</marc:subfield>
        </marc:datafield>
        <marc:datafield tag="710" ind1="2" ind2=" ">
            <marc:subfield code="a">History of Medicine Collections (Duke University)</marc:subfield>
        </marc:datafield>
    </marc:record>