
    <marc:record>
        <marc:leader>00885cpcaa2200217Ia 4500</marc:leader>
        <marc:controlfield tag="001">002039165</marc:controlfield>
        <marc:controlfield tag="005">20141204101650.0</marc:controlfield>
        <marc:controlfield tag="008">951219s1931    enk                 eng d</marc:controlfield>
        <marc:datafield tag="035" ind1=" " ind2=" ">
            <marc:subfield code="a">33941081</marc:subfield>
        </marc:datafield>
        <marc:datafield tag="040" ind1=" " ind2=" ">
            <marc:subfield code="a">NDK</marc:subfield>
            <marc:subfield code="b">eng</marc:subfield>
            <marc:subfield code="c">NDK</marc:subfield>
            <marc:subfield code="d">OCLCQ</marc:subfield>
        </marc:datafield>
        <marc:datafield tag="049" ind1=" " ind2=" ">
            <marc:subfield code="a">NDDP</marc:subfield>
        </marc:datafield>
        <marc:datafield tag="100" ind1="1" ind2=" ">
            <marc:subfield code="a">Muirhead, Arnold.</marc:subfield>
        </marc:datafield>
        <marc:datafield tag="245" ind1="1" ind2="0">
            <marc:subfield code="a">Arnold Muirhead letter,</marc:subfield>
            <marc:subfield code="f">1931, June 14 :</marc:subfield>
            <marc:subfield code="b">to D'Arcy Power.</marc:subfield>
        </marc:datafield>
        <marc:datafield tag="300" ind1=" " ind2=" ">
            <marc:subfield code="a">1</marc:subfield>
            <marc:subfield code="f">item.</marc:subfield>
        </marc:datafield>
        <marc:datafield tag="520" ind1="8" ind2=" ">
            <marc:subfield code="a">Als. Laid in the Duke Medical Center Library Historical Collection copy of Muirhead's book, &quot;Grace Revere Osler: a brief memoir.&quot; General remarks about the book and the subject of the book.</marc:subfield>
        </marc:datafield>
        <marc:datafield tag="541" ind1=" " ind2=" ">
            <marc:subfield code="a">Source unknown.</marc:subfield>
        </marc:datafield>
        <marc:datafield tag="500" ind1=" " ind2=" ">
            <marc:subfield code="a">Forms part of the Trent Manuscripts Collection.</marc:subfield>
        </marc:datafield>
        <marc:datafield tag="600" ind1="1" ind2="2">
            <marc:subfield code="a">Power, D'Arcy,</marc:subfield>
            <marc:subfield code="c">Sir,</marc:subfield>
            <marc:subfield code="d">1855-1941.</marc:subfield>
        </marc:datafield>
        <marc:datafield tag="600" ind1="1" ind2="2">
            <marc:subfield code="a">Osler, Grace Revere Gross,</marc:subfield>
            <marc:subfield code="c">Lady.</marc:subfield>
        </marc:datafield>
        <marc:datafield tag="600" ind1="1" ind2="2">
            <marc:subfield code="a">Muirhead, Arnold.</marc:subfield>
            <marc:subfield code="t">Grace Revere Osler, a brief memoir.</marc:subfield>
        </marc:datafield>
        <marc:datafield tag="710" ind1="2" ind2=" ">
            <marc:subfield code="a">History of Medicine Collections (Duke University)</marc:subfield>
        </marc:datafield>
    </marc:record>