
    <marc:record>
        <marc:leader>01032cpcaa2200205Ia 4500</marc:leader>
        <marc:controlfield tag="001">002039163</marc:controlfield>
        <marc:controlfield tag="005">20141204101539.0</marc:controlfield>
        <marc:controlfield tag="008">951220s1946    fr                  fre d</marc:controlfield>
        <marc:datafield tag="035" ind1=" " ind2=" ">
            <marc:subfield code="a">33949365</marc:subfield>
        </marc:datafield>
        <marc:datafield tag="040" ind1=" " ind2=" ">
            <marc:subfield code="a">NDK</marc:subfield>
            <marc:subfield code="b">eng</marc:subfield>
            <marc:subfield code="c">NDK</marc:subfield>
            <marc:subfield code="d">OCLCQ</marc:subfield>
        </marc:datafield>
        <marc:datafield tag="049" ind1=" " ind2=" ">
            <marc:subfield code="a">NDDP</marc:subfield>
        </marc:datafield>
        <marc:datafield tag="100" ind1="1" ind2=" ">
            <marc:subfield code="a">Simon de Villevieille, Jacqueline N.</marc:subfield>
        </marc:datafield>
        <marc:datafield tag="245" ind1="1" ind2="0">
            <marc:subfield code="a">Jacqueline N. Simon de Villevieille letter,</marc:subfield>
            <marc:subfield code="f">1946, Mar. 1 :</marc:subfield>
            <marc:subfield code="b">St. Malo, France.</marc:subfield>
        </marc:datafield>
        <marc:datafield tag="300" ind1=" " ind2=" ">
            <marc:subfield code="a">1</marc:subfield>
            <marc:subfield code="f">item.</marc:subfield>
        </marc:datafield>
        <marc:datafield tag="520" ind1="8" ind2=" ">
            <marc:subfield code="a">Als. Tipped in Duke Medical Center Library Historical Collection copy of her work, &quot;Un cas celebre de melancolie, Lord Byron&quot;. Letter accompanies book, both intended for unknown recipient. The letter excuses the &quot;poor quality&quot; of the work, explaining the various circumstances under which the work was written.</marc:subfield>
        </marc:datafield>
        <marc:datafield tag="541" ind1=" " ind2=" ">
            <marc:subfield code="a">Source unknown.</marc:subfield>
        </marc:datafield>
        <marc:datafield tag="500" ind1=" " ind2=" ">
            <marc:subfield code="a">Forms part of the Trent Manuscripts Collection.</marc:subfield>
        </marc:datafield>
        <marc:datafield tag="600" ind1="1" ind2="2">
            <marc:subfield code="a">Byron, George Gordon Byron,</marc:subfield>
            <marc:subfield code="c">Baron,</marc:subfield>
            <marc:subfield code="d">1788-1824.</marc:subfield>
        </marc:datafield>
        <marc:datafield tag="600" ind1="1" ind2="2">
            <marc:subfield code="a">Simon de Villevieille, Jacqueline N.</marc:subfield>
            <marc:subfield code="t">Cas celebre de melancolie, Lord Byron.</marc:subfield>
        </marc:datafield>
        <marc:datafield tag="710" ind1="2" ind2=" ">
            <marc:subfield code="a">History of Medicine Collections (Duke University)</marc:subfield>
        </marc:datafield>
    </marc:record>