
    <marc:record>
        <marc:leader>00836cpcaa2200217Ia 4500</marc:leader>
        <marc:controlfield tag="001">003956850</marc:controlfield>
        <marc:controlfield tag="005">20141204101831.0</marc:controlfield>
        <marc:controlfield tag="008">080404s1994    xxu                 eng d</marc:controlfield>
        <marc:datafield tag="035" ind1=" " ind2=" ">
            <marc:subfield code="a">219552228</marc:subfield>
        </marc:datafield>
        <marc:datafield tag="040" ind1=" " ind2=" ">
            <marc:subfield code="a">NDK</marc:subfield>
            <marc:subfield code="c">NDK</marc:subfield>
            <marc:subfield code="d">NDK</marc:subfield>
            <marc:subfield code="d">OCLCG</marc:subfield>
        </marc:datafield>
        <marc:datafield tag="049" ind1=" " ind2=" ">
            <marc:subfield code="a">NDDP</marc:subfield>
        </marc:datafield>
        <marc:datafield tag="100" ind1="1" ind2=" ">
            <marc:subfield code="a">Davis, Richard A.,</marc:subfield>
            <marc:subfield code="d">1925-</marc:subfield>
        </marc:datafield>
        <marc:datafield tag="245" ind1="1" ind2="0">
            <marc:subfield code="a">Richard A. Davis letter to Dr. Robert H. Wilkins,</marc:subfield>
            <marc:subfield code="f">31 January 1994, Philadelphia.</marc:subfield>
        </marc:datafield>
        <marc:datafield tag="300" ind1=" " ind2=" ">
            <marc:subfield code="a">1 leaf.</marc:subfield>
        </marc:datafield>
        <marc:datafield tag="500" ind1=" " ind2=" ">
            <marc:subfield code="a">Attached: Photocopy of TLS from Harvey Cushing to A.N. Richards. New Haven, CT : 5 February 1936. 2 leaves.</marc:subfield>
        </marc:datafield>
        <marc:datafield tag="500" ind1=" " ind2=" ">
            <marc:subfield code="a">Forms part of the Trent Manuscripts Collection.</marc:subfield>
        </marc:datafield>
        <marc:datafield tag="700" ind1="1" ind2=" ">
            <marc:subfield code="a">Wilkins, Robert H.</marc:subfield>
        </marc:datafield>
        <marc:datafield tag="700" ind1="1" ind2=" ">
            <marc:subfield code="a">Cushing, Harvey,</marc:subfield>
            <marc:subfield code="d">1869-1939.</marc:subfield>
        </marc:datafield>
        <marc:datafield tag="700" ind1="1" ind2=" ">
            <marc:subfield code="a">Richards, Alfred N.</marc:subfield>
            <marc:subfield code="q">(Alfred Newton),</marc:subfield>
            <marc:subfield code="d">1876-1966.</marc:subfield>
        </marc:datafield>
        <marc:datafield tag="710" ind1="2" ind2=" ">
            <marc:subfield code="a">History of Medicine Collections (Duke University)</marc:subfield>
        </marc:datafield>
        <marc:datafield tag="740" ind1="0" ind2="1">
            <marc:subfield code="a">TLS from Harvey Cushing to A.N. Richards.</marc:subfield>
        </marc:datafield>
    </marc:record>